3346 5330
586 937 836 1037 Bellonal

215 1158 260 1217 Ab
292 1157 395 1218 incolis
418 1159 523 1217 Romae
555 1157 765 1232 antiquissimis
797 1158 854 1218 iam
881 1157 1030 1218 Bellonam
1061 1158 1106 1218 vel
1129 1158 1299 1219 Duellonam

128 1247 223 1306 divina
244 1249 387 1322 potestate
410 1248 568 1322 praeditam
590 1247 679 1306 fnisse
702 1265 717 1306 e
739 1247 838 1308 multis
856 1247 1030 1308 testimoniis
1045 1250 1171 1323 apparet.
1208 1249 1298 1322 Equi·

128 1337 189 1395 dem
210 1353 270 1396 non
293 1338 397 1408 omnia,
422 1354 494 1411 quae
517 1337 551 1395 de
574 1337 635 1396 eius
658 1331 804 1413 templisi)
828 1339 857 1396 et
879 1337 958 1396 cultu
982 1337 1130 1396 enucleata
1152 1339 1229 1409 sunt,
1253 1356 1298 1397 re-

128 1442 246 1500 coquere
278 1426 308 1484 in
341 1426 435 1485 animo
467 1426 568 1486 habeo.
623 1427 687 1485 Hoc
716 1443 805 1486 unum
832 1427 934 1485 addam
956 1426 1027 1486 mihi
1050 1443 1107 1486 non
1130 1444 1298 1502 persuasum

128 1532 188 1574 esse
219 1515 368 1574 Bellonam
401 1515 518 1574 eandem
550 1533 613 1574 esse
646 1517 731 1589 atque
763 1516 932 1574 Sabinorum
969 1517 1049 1575 deam
1081 1509 1200 1598 Nerio⁸)
1238 1516 1298 1574 sive

127 1604 287 1667 Nerienem.
328 1604 434 1664 Tiesler
456 1607 520 1679 p.3
545 1621 579 1664 ex
600 1621 643 1676 eo,
677 1605 752 1678 qnod
779 1605 870 1664 multa
892 1604 1022 1678 inprimis
1046 1606 1082 1664 ad
1104 1605 1210 1664 bellum
1233 1623 1299 1680 spo-

127 1693 237 1752 ctantia
258 1694 378 1754 Romani
410 1711 428 1752 a
460 1693 576 1753 Sabinis
603 1694 727 1752 mutuati
759 1696 827 1752 sunt
859 1695 888 1752 et
920 1694 995 1768 quod
1018 1694 1129 1768 Appius
1154 1695 1297 1765 Claudius,
1400 1737 1404 1744 .

126 1782 173 1856 qui
204 1782 314 1858 primus
337 1783 474 1842 Bellonae
504 1783 640 1858 templum
670 1783 787 1853 voverit,
822 1785 943 1858 egente
968 1783 1137 1843 Sabinorum
1162 1784 1297 1843 enundus

126 1872 219 1944 inerit,
255 1872 372 1947 collegit
404 1871 542 1947 originem
574 1872 689 1931 duxisse
712 1872 859 1931 Bellonam
891 1873 1056 1944 aSabinis,
1090 1889 1157 1947 ergo
1182 1874 1299 1932 eandem

125 1979 187 2020 esse
210 1979 245 2020 ac
268 1961 428 2032 Nerienem,
461 1979 545 2035 quarn
568 1961 598 2020 in
623 1961 791 2020 Sabinomm
815 1961 1018 2036 superstitione
1040 1962 1116 2021 bello
1139 1962 1298 2036 praefuisse

126 2051 260 2110 sciamus.
309 2051 399 2121 Quam
431 2051 622 2110 coniecturam
654 2051 723 2109 dicit
753 2051 822 2109 miro
846 2051 929 2110 modo
954 2051 1115 2111 confirmari
1137 2051 1199 2111 loeo
1222 2052 1298 2110 Lau·

125 2140 209 2198 rentii
231 2139 314 2215 Lydi,
338 2140 388 2214 qui
411 2141 610 2199 commemorat
632 2139 827 2199 tubilustrium
850 2140 881 2198 in
903 2140 1005 2198 Martis
1028 2140 1223 2214 Nerienemque
1246 2141 1298 2199 ho-

125 2245 222 2288 norem
246 2229 422 2288 sollemniter
445 2229 553 2289 obitum
576 2229 641 2288 ante
665 2229 738 2287 diem
760 2229 793 2290 X.
808 2229 872 2290 Kal.
887 2228 1001 2303 Apriles
1016 2229 1035 2288 i.
1052 2247 1074 2288 e.
1103 2230 1218 2308 „eodem
1242 2229 1297 2300 die,

126 2335 180 2392 quo
204 2317 341 2378 Bellonae
374 2335 458 2378 sacra
488 2318 549 2377 fieri
581 2311 736 2378 solerent.“
795 2319 834 2376 At
866 2336 900 2377 ex
923 2318 1023 2377 Ouidio
1057 2318 1193 2378 discimus
1225 2319 1297 2377 diem

125 2407 230 2466 festum
252 2407 399 2479 Bellonae,
427 2407 496 2467 belli
519 2408 597 2478 deae,
628 2407 718 2466 fuisse
742 2407 810 2466 olim
833 2409 898 2468 ante
922 2407 994 2466 diem
1018 2409 1071 2466 Ill.
1096 2425 1164 2467 non.
1188 2408 1297 2478 lunias,

125 2497 184 2555 tum
218 2497 272 2556 dea
304 2515 368 2556 oum
391 2497 522 2557 Asiatica
543 2496 665 2556 Bellona
688 2497 809 2556 confusa
833 2515 858 2554 a.
875 2497 901 2555 d.
917 2498 966 2555 lX.
982 2497 1048 2556 Kal.
1064 2497 1178 2571 Apriles
1202 2491 1297 2578 (Ouid.

125 2587 192 2646 fast.
208 2581 340 2668 HI813).
387 2587 486 2660 ltaque
509 2586 578 2645 lieet
600 2587 696 2646 eodem
720 2586 763 2644 dio
787 2586 943 2645 celebratae
966 2586 1157 2646 fuissent-
1180 2604 1209 2646 re
1232 2604 1298 2645 vera

125 2693 159 2734 ne
192 2678 261 2734 sunt
294 2675 407 2750 quidem
430 2709 472 2718 —
496 2675 628 2734 concludi
659 2693 717 2734 non
747 2677 845 2749 potest
867 2675 1018 2734 Nerienem
1040 2693 1126 2736 unam
1149 2693 1212 2734 esse
1235 2693 1299 2734 cum

124 2765 254 2824 Bellona.
310 2765 397 2840 Ergo,
431 2764 566 2838 queniam
598 2767 708 2824 ceterae
740 2781 853 2838 quoque
885 2782 987 2824 causae
1015 2765 1134 2840 fragiles
1158 2767 1235 2835 sunt,
1268 2765 1298 2823 in

126 2855 210 2914 dubio
234 2854 451 2928 relinquendum
473 2856 526 2925 est,
550 2855 623 2913 unde
647 2854 786 2928 originem
809 2854 926 2914 duxerit.

213 2944 372 3017 Postquam
387 2944 555 3002 Graecorum
578 2943 673 3002 studio
697 2943 799 3002 imbuti
823 2945 890 3002 sunt
910 2943 1040 3014 Romani,
1065 2946 1093 3002 et
1115 2944 1193 3002 Mers
1216 2943 1299 3017 pater

125 3032 274 3092 maiestate
297 3033 413 3091 vetusta
434 3033 563 3106 privatus
586 3035 631 3091 est
653 3036 682 3091 et
696 3033 815 3092 Bellona
833 3033 917 3107 plane
940 3031 1062 3091 mutavit
1085 3033 1209 3106 speciem
1231 3049 1298 3106 par-

125 3125 236 3195 tesque,
260 3125 425 3196 comparata
448 3139 512 3180 eum
535 3122 704 3180 Graecorum
726 3122 840 3180 numine
859 3118 972 3191 Ἐνυώ,
1004 3121 1084 3180 euius
1113 3121 1143 3180 in
1166 3122 1298 3195 partibus

126 3211 334 3285 amplificandis
359 3213 387 3270 et
408 3210 595 3270 viridioribus
619 3211 761 3271 coloribus
784 3211 937 3285 pingendis
961 3211 1043 3284 quasi
1065 3211 1199 3270 bacchati
1231 3214 1299 3269 sunt

124 3300 254 3360 Romani.
300 3300 450 3359 Bellonam
473 3299 631 3360 Asiaticam
653 3295 792 3381 poetae,⁴)
826 3300 882 3359 etsi
905 3317 990 3374 saepe
1014 3300 1120 3358 cultum
1143 3300 1298 3358 fanaticum

126 3389 302 3460 describunt,
334 3391 430 3448 tamen
463 3407 481 3448 a
511 3390 627 3464 propria
657 3389 725 3449 belli
757 3390 810 3448 dea
840 3389 925 3464 plane
949 3389 1088 3448 diversam
1112 3392 1297 3463 agnoverunt,

125 3477 222 3552 itaque
246 3479 307 3538 eius
330 3479 471 3538 rationem
494 3479 597 3537 babere
620 3479 799 3554 supersedeo.

214 3568 366 3628 Poetarum
388 3567 497 3641 primus
512 3568 661 3627 Plautus
684 3568 833 3628 Bellonam
855 3568 1014 3642 usurpavit.
1052 3568 1087 3625 In
1101 3567 1205 3626 Bacch.
1221 3568 1298 3637 IV,8

125 3673 151 3717 v.
168 3659 198 3717 6.
246 3657 429 3716 Cleomachus
461 3657 543 3715 miles
576 3659 753 3716 contestatur
784 3657 932 3716 Bellonam
965 3659 993 3715 et
1015 3657 1136 3715 Martem
1168 3658 1200 3714 ut
1230 3673 1298 3715 euos

125 3745 308 3818 potissimum
331 3747 412 3805 deos:

218 3937 238 4005 ¹)
257 3935 489 3992 melier-Jordan:
508 3935 585 3991 Rom.
599 3935 714 4003 Mythol.
729 3936 766 4005 H,
782 3953 808 4005 p.
819 3936 879 3990 247.
908 3935 1044 3990 Proeksoh
1058 3934 1087 3988 in
1101 3934 1231 3990 Bosehsri
1246 3935 1298 3990 lex.

126 4023 146 4062 s.
160 4024 185 4062 r.
223 4008 340 4064 Tiesler:
360 4008 393 4062 de
412 4009 541 4063 Bellonae
560 4007 637 4062 cultu
656 4012 684 4061 et
703 4007 794 4062 saeris.

127 4151 154 4204 Μ
185 4079 350 4205 hillglggper
368 4079 401 4134 de
420 4078 478 4134 eius
497 4079 606 4147 templis
625 4079 726 4133 iterum
745 4078 805 4148 egit
819 4079 909 4134 Aust:
929 4078 962 4132 de
982 4077 1040 4134 aed.
1055 4093 1121 4132 saer.
1136 4093 1197 4147 pop.
1211 4078 1297 4146 Rom,

155 4167 213 4205 ar.
304 4193 311 4204 .

216 4222 238 4292 ³)
257 4221 373 4276 Neriene
387 4221 484 4275 Martis
502 4221 601 4290 conjux
615 4221 698 4275 etiam
712 4221 741 4274 in
756 4219 920 4274 carminibus
933 4218 1088 4274 invenitur:
1107 4219 1213 4274 Ennius
1227 4221 1297 4275 Ann.

128 4293 350 4364 (Vebl.v.108);
377 4293 469 4347 Plaut.
488 4293 518 4346 in
536 4293 646 4346 Trucul.
665 4293 702 4360 H,
718 4294 741 4360 6,
752 4307 786 4358 ee,
809 4291 858 4345 ubi
880 4290 959 4344 miles
986 4291 1157 4346 meretricem
1184 4292 1225 4346 ita
1252 4292 1298 4346 ad-

128 4364 261 4430 loquitur:
289 4365 361 4419 Mars
389 4380 502 4433 peregre
530 4364 678 4418 adveniens
705 4363 808 4417 salutat
830 4362 975 4416 Nerienem
1003 4378 1113 4416 uxorem
1141 4379 1225 4418 suam.
1266 4365 1299 4418 In

127 4434 226 4490 Beooh.
242 4453 265 4490 v.
281 4435 333 4490 893
352 4435 485 4490 Schbllius
504 4435 632 4503 coniecit,
651 4435 741 4489 nescio
760 4451 795 4488 au
814 4433 925 4487 iniuria:
956 4432 1045 4515 Nerio.
1083 4433 1169 4488 Lioin.
1184 4435 1296 4489 Imbal

128 4506 164 4574 (p.
180 4507 215 4561 35
234 4507 332 4578 Rieu).
365 4507 452 4560 Varro
467 4507 522 4560 Sat.
538 4508 607 4561 Men.
623 4507 674 4560 507
690 4506 776 4576 (Bii.);
795 4511 854 4558 tum
870 4505 1061 4586 eearmrnrbus
1079 4505 1297 4588 plane-evannit.

217 4577 229 4610 ⁴
258 4578 387 4633 Tibulli
405 4593 425 4646 e,
436 4593 471 4646 ea,
494 4579 590 4632 Horat.
605 4577 661 4632 Sat.
677 4578 712 4646 II,
724 4592 744 4646 a,
755 4591 802 4645 aaa,
828 4577 932 4630 Lucani
952 4575 973 4644 I,
985 4589 1032 4644 ceo,
1051 4575 1187 4630 Martialis
1205 4578 1252 4646 XI,
1264 4592 1298 4645 se,

129 4580 287 4704 mmm
364 4621 573 4704 ffime

184 4691 191 4718 r
230 4691 236 4718 r
288 4666 350 4706 ven·
407 4691 413 4717 r
450 4692 456 4718 r
517 4691 523 4718 r
575 4692 581 4704 ·

1050 4733 1084 4788 2*
