3346 5330
838 504 1095 582 -48-,

363 701 488 746 summos
510 685 580 746 belli
602 687 670 745 deos
694 686 807 757 adiecit,
831 686 916 745 immo
941 686 1124 746 confirmatur
1147 687 1290 746 sententia
1304 689 1332 745 et
1346 687 1381 746 de
1394 688 1495 762 Enyus
1510 687 1538 746 et

361 777 396 836 de
419 775 512 834 Phobi
534 775 563 834 vi
586 793 675 862 supra
697 777 835 849 prolata„

452 864 559 924 domici
583 865 730 924 andedam
753 866 942 940 fragmentum
950 859 974 944 1)
999 865 1124 923 servavit
1138 866 1239 924 Sextus
1254 863 1428 939 Empiricos:
1453 864 1483 926 εἰ
1504 862 1539 924 δὲ

363 950 508 1021 όἜλεος
539 949 625 1024 θεός,
659 949 720 1013 ἐστὶ
752 951 806 1014 καὶ
838 951 857 1013 δ
885 950 993 1033 Φόβος
1025 950 1249 1033 ἀμορφότατος
1281 951 1341 1032 γὰρ
1368 951 1425 1034 τήν
1448 953 1538 1033 ὅφιν·

364 1039 426 1123 εἰμλ
450 1039 510 1122 γὰρ
529 1039 638 1123 Φόβος
660 1040 789 1104 πάντων
812 1040 974 1122 ἐλάχιστον
996 1046 1052 1102 τοῦ
1076 1041 1178 1102 καλοῦ
1192 1042 1334 1122 μετέχων
1347 1041 1433 1110 θεὸς.
1472 1044 1540 1102 Sine

363 1133 449 1192 dubio
473 1149 537 1192 oum
551 1131 691 1190 Meinekio
718 1128 817 1210 ,,γὰρ“
844 1133 1002 1203 delendum,
1026 1133 1113 1191 verba
1136 1129 1360 1212 ἀμορφότατσς
1381 1131 1438 1212 τήν
1453 1131 1539 1212 ὅφιν,

361 1221 469 1296 quippe
494 1239 566 1295 quae
589 1221 625 1280 ad
647 1237 743 1280 vooem
762 1218 871 1300 Φόβος
894 1238 951 1280 non
975 1222 1124 1295 quadrent,
1148 1239 1213 1280 oum
1235 1239 1320 1281 versu
1337 1223 1454 1284 laudato
1470 1239 1540 1281 oon-

362 1311 515 1386 iungenda.
562 1310 674 1384 Optime
706 1310 779 1369 idem
812 1327 910 1369 versus
943 1328 958 1368 e
989 1310 1110 1385 prologo
1137 1311 1282 1370 derivatos
1300 1329 1369 1370 esse
1393 1312 1539 1386 opinatur,

364 1418 427 1460 oum
451 1409 538 1475 saepe·
559 1399 683 1458 oomioos
705 1400 848 1458 Romanos
872 1401 900 1458 et
924 1399 1048 1458 Graecos
1076 1400 1150 1458 talos
1179 1399 1441 1479 προοωποποιίας
1472 1418 1541 1476 pro-

363 1490 461 1564 logum
484 1489 610 1548 dioentes
634 1489 780 1548 induxisse
804 1489 938 1560 sciamus,
962 1489 1041 1548 velut
1054 1489 1241 1548 Menandrum
1257 1486 1417 1569 Ἔλεγχον,
1441 1491 1541 1549 Phile·

364 1596 430 1638 mon
449 1574 542 1656 Ἀέρα
567 1595 589 1638 e.
605 1595 632 1652 q.
649 1596 671 1639 a.

453 1668 524 1726 Turn
547 1668 636 1742 longa
657 1667 720 1726 hiat
741 1667 859 1740 lacuna3
885 1667 1037 1738 Quintus
1053 1668 1173 1739 demum,
1197 1685 1260 1727 raro
1276 1669 1394 1739 soilioet,
1418 1668 1542 1729 Daimon

364 1759 393 1816 st
414 1758 534 1816 Phobon
558 1756 588 1815 in
611 1774 709 1831 pugna
730 1757 937 1816 tumultuantes
961 1773 1061 1816 rursus
1088 1757 1212 1816 induxit:
1245 1758 1296 1829 XI,
1309 1761 1342 1815 13
1364 1757 1442 1816 Mars
1477 1775 1542 1818 oum

364 1847 456 1921 Enyo,
479 1846 575 1918 Eride,
599 1846 697 1904 Phobo
720 1845 796 1904 inter
818 1848 982 1921 pugnantes
1005 1848 1168 1906 versantur:

818 1984 968 2070 ἐφέσπετο
993 1987 1029 2049 δέ
1050 2009 1136 2068 σφισι
1158 1986 1274 2068 Δεῖμος

525 2075 682 2156 φοινήεντι
704 2075 817 2156 λυδρῴ
839 2076 1081 2158 πεπαλαγμένος
1104 2076 1191 2158 ὄφρα
1215 2077 1232 2138 ἑ
1254 2081 1358 2158 φῶτες

527 2165 558 2226 οἱ
578 2163 637 2246 μὲν
660 2164 875 2246 καρτύνωνται
899 2165 1067 2247 ὁρώμενοι,
1093 2165 1124 2227 οἱ
1146 2165 1180 2227 δὲ
1204 2165 1372 2247 φέβωντσι.

453 2309 567 2368 Primus
582 2309 701 2368 Deimon
716 2310 844 2369 uberiore
861 2311 1051 2386 descriptione
1075 2310 1212 2386 dignatus
1235 2312 1288 2383 est,
1313 2311 1364 2370 sed
1386 2310 1543 2370 notissima

366 2400 423 2458 iam
445 2399 601 2474 pigmenta.
648 2399 762 2458 Eridem
786 2401 959 2458 comitantur
981 2401 1015 2472 X,
1027 2404 1074 2458 57:

572 2579 574 2582 -
633 2537 688 2621 τήν
712 2539 746 2602 δὲ
769 2537 878 2621 Φόβος
900 2540 954 2602 καὶ
978 2539 1093 2621 Δεῖμος
1115 2519 1336 2622 ἀμφεπένοντο

403 2632 407 2638 “
526 2629 817 2714 πατροκασιγνήτην
840 2629 1082 2711 κρατερόφρονα
1105 2629 1313 2699 κυδαίνοντες.

456 2773 555 2847 Neque
578 2773 608 2831 in
633 2775 714 2834 scuto
738 2773 861 2832 Achillis
884 2774 919 2844 V,
930 2777 964 2830 29
989 2791 1084 2834 eorum
1108 2774 1295 2836 obliviscitur.

456 2863 603 2922 Nonnns
626 2879 702 2921 more
726 2880 777 2921 suo
802 2863 864 2921 sine
887 2863 997 2922 rationo
1021 2866 1120 2923 ambos
1143 2866 1272 2938 usurpat.
1309 2864 1422 2922 Eridem
1436 2864 1498 2936 XX,
1508 2867 1542 2922 38

367 2953 481 3011 Baooho
506 2951 661 3011 somnianti
675 2954 858 3026 apparentem
872 2952 986 3012 Phobos
1003 2953 1162 3024 comitatur,
1188 2953 1281 3028 speeie
1296 2953 1422 3024 sttruos,
1446 2954 1543 3012 Rheae

367 3041 462 3100 nuntii
484 3041 645 3115 praeditus:

481 3184 483 3189 ’
527 3180 581 3244 καὶ
603 3179 706 3263 δρόον
729 3179 805 3253 ὀξὺν
827 3183 911 3264 ἔχων
934 3151 1137 3264 ἁπαλόχροος
1160 3183 1265 3265 ἄρσενι
1287 3190 1401 3266 μορφή

527 3270 655 3352 ήνίοχον
678 3270 824 3353 Κυβέλης
847 3271 1030 3354 ἀπεμάξατο
1053 3272 1146 3354 θήλει·
1166 3279 1275 3354 φωνῇ·

417 3506 423 3518 ⁹
457 3416 582 3518 durigao
619 3417 721 3476 Martis
757 3416 906 3490 finguntur
940 3417 1041 3488 XXIX,
1066 3420 1118 3474 364
1154 3419 1287 3492 partibus
1324 3421 1455 3480 accurate
1494 3420 1542 3478 de·

370 3508 585 3653 scrlptidsiterius
616 3613 635 3654 a
666 3595 797 3668 partibus
831 3597 910 3654 stant
930 3596 1045 3666 XXVII,
1056 3599 1118 3667 337,
1151 3597 1202 3655 ubi
1224 3595 1332 3656 Baoohi
1363 3597 1460 3656 hostes
1492 3598 1542 3656 ad·

369 3683 478 3754 iuvant,
503 3685 532 3742 et
553 3683 733 3754 XXXII,178
756 3684 920 3743 Deriadem:
950 3681 1058 3764 Φόβος
1081 3681 1135 3745 καὶ
1159 3684 1274 3765 Δεῖμος
1297 3683 1487 3765 δμέμποροι.

458 3773 582 3845 XXXIX,
594 3771 644 3824 217
669 3774 826 3834 Erechtheo
850 3776 970 3832 Boream
992 3775 1175 3870 implorante:

486 3966 490 3972 .
529 3913 675 3984 εὔστολος
698 3912 753 3995 ήεν
769 3913 865 3996 Ἄρης
886 3913 955 3976 τότε
977 3914 1127 3988 ναυτίλος,
1152 3915 1185 3978 έν
1207 3914 1338 3998 παλάμῃ
1364 3915 1399 3978 δέ

529 4002 682 4084 πηδάλιον
704 4002 813 4084 Φόβος
836 4002 907 4084 εἶχε,
931 4005 1126 4086 κυβερνήτης
1150 4004 1193 4066 δέ
1206 4003 1364 4086 κυδοιμοῦ
1419 4009 1421 4016 ’

529 4091 645 4174 Δεῖμος
668 4092 899 4174 ἀκοντοφόριον
922 4093 1093 4156 ἀνελύοατο
1117 4094 1271 4175 πείσματα
1295 4097 1390 4176 νηῶν.

459 4237 554 4295 Iovem
577 4237 714 4296 adiuvant
736 4237 776 4309 ΙΙ,
787 4241 839 4295 415
851 4255 894 4312 sq.

462 4427 481 4498 ¹)
501 4427 574 4482 Corn.
586 4426 666 4496 frgrn.
682 4428 759 4481 Koek
773 4429 823 4497 ΙΙΙ,
843 4445 868 4496 p.
884 4429 945 4482 439.
982 4428 1108 4484 Mainake
1126 4429 1174 4497 IV,
1193 4445 1218 4496 p.
1235 4429 1294 4482 688.

850 4663 1064 4677 ...—
