3346 5330
849 427 1072 491 ..10-

465 608 575 677 Quibus
608 626 642 666 ex
672 608 787 668 indiciis
818 607 928 682 aliquid
950 607 1039 667 evinci
1062 625 1149 683 posse
1171 610 1240 682 puto
1263 625 1354 682 neque
1379 626 1546 683 quemquam

374 714 484 756 mecum
506 697 662 756 rixaturum
686 714 778 772 spere,
803 715 865 756 cnm
889 697 1018 772 suspicer
1031 697 1177 758 Diomedis
1192 695 1346 775 ἀριστείαν
1361 699 1547 773 compositam

375 804 439 846 esse
462 805 480 844 a
503 787 625 860 quodam
648 787 815 862 cypriorum
839 789 867 845 et
890 804 1018 864 sermone
1042 789 1070 846 et
1093 787 1296 861 superstitione
1323 788 1471 846 dumtaxat
1492 788 1546 846 im-

374 877 453 950 buto,
489 893 610 949 quocum
641 876 671 934 id
704 876 810 951 optime
828 893 992 951 ¹congruere
1014 877 1135 947 videtur,
1169 877 1244 950 quod
1267 876 1431 936 Diomedem
1453 877 1547 952 ipsum
1648 893 1649 920 ³

376 965 460 1039 Cypri
481 965 612 1040 inprimis
636 965 744 1024 cultum
767 968 795 1024 et
818 967 966 1026 adoratum
989 966 1070 1040 eique
1092 967 1222 1026 homines
1243 982 1294 1040 pro
1309 966 1433 1026 victimis
1447 966 1547 1028 immo-

374 1055 451 1114 latos
474 1072 537 1114 esse
560 1049 702 1136 scimus.¹)

465 1143 584 1214 Quando
608 1144 720 1217 quidem
743 1144 832 1218 igitur
855 1162 902 1203 eas
926 1145 960 1204 de
983 1145 1043 1203 deis
1077 1145 1241 1218 deabusque
1274 1145 1442 1218 sententias,
1476 1163 1548 1220 quae

376 1251 440 1292 curn
462 1233 574 1308 vulgari
598 1233 731 1308 opinione
754 1234 925 1308 discrepant,
951 1233 1035 1309 Cypri
1059 1234 1203 1294 exstitisse
1225 1235 1412 1308 temporibus,
1442 1235 1547 1309 quibus

375 1339 488 1382 carmen
520 1323 592 1381 illud
624 1322 811 1396 compositum
842 1323 889 1394 sit,
921 1323 1156 1382 verisimillimum
1184 1325 1236 1394 est,
1270 1323 1350 1398 Enyo
1375 1324 1457 1383 deam
1479 1325 1548 1384 belli

374 1412 512 1471 illustrem
538 1412 623 1486 Cypri
656 1412 762 1471 cultam
794 1429 856 1472 esse
887 1413 955 1472 licet
983 1413 1119 1472 conicere.
1167 1413 1213 1472 Sic
1238 1429 1335 1472 omnes
1359 1413 1466 1488 optime
1490 1415 1548 1474 sol-

374 1503 479 1560 vuntur
511 1501 693 1560 difficultates
724 1519 816 1575 neque
849 1501 982 1576 cuiquam
1012 1503 1115 1561 mirum
1141 1503 1271 1561 videatur
1294 1519 1356 1560 eam
1378 1502 1409 1560 in
1432 1503 1549 1562 Homeri

376 1591 548 1650 canninibus
579 1608 720 1666 nusquam
751 1590 822 1650 alibi
852 1591 946 1650 locum
977 1591 1123 1663 habuisse,
1157 1609 1222 1650 cunr
1246 1591 1411 1666 saepissime
1435 1593 1548 1652 occasio

376 1681 443 1738 data
465 1682 549 1740 esset.

464 1771 598 1828 Attamen
630 1770 792 1844 frequenter
822 1769 923 1828 Martis
956 1785 1113 1844 cognomen
1140 1765 1312 1844 Ἐνυάλιος,
1346 1771 1392 1829 cui
1424 1770 1550 1844 aliquem

376 1875 511 1918 conernnr
544 1877 608 1918 cum
640 1860 693 1918 dea
724 1859 818 1918 inesse
849 1877 900 1934 per
923 1876 954 1918 se
976 1859 1007 1917 in
1030 1861 1128 1934 aperto
1152 1861 1205 1930 est,
1238 1861 1407 1934 usurpatur;
1441 1861 1549 1934 itaque,

376 1949 515 2022 quomodo
538 1949 613 2007 inter
636 1966 666 2008 se
691 1949 861 2008 cohaereant
883 1944 987 2009 Ἐνυώ
1012 1949 1039 2007 et
1058 1945 1230 2020 Ἐνυάλιος,
1262 1949 1347 2022 paulo
1371 1949 1464 2008 fusius
1489 1950 1550 2008 dis-

365 2037 543 2111 'quirendum
574 2040 627 2108 est,
659 2038 826 2112 praesertim
859 2055 923 2097 cum
954 2039 1076 2096 fortasse
1109 2055 1196 2097 ansas
1229 2039 1277 2096 det
1298 2038 1366 2098 talis
1390 2039 1550 2113 disputatio

376 2127 412 2185 ad
436 2127 638 2186 enucleandam
661 2127 805 2202 propriam
828 2127 896 2186 deae
919 2127 1064 2186 notionem
1087 2129 1116 2186 et
1137 2129 1202 2186 vim.

464 2217 558 2290 Atque
580 2219 639 2276 tres
663 2217 784 2291 cogitari
806 2218 931 2290 possunt
952 2217 1091 2276 rationes:
1125 2217 1186 2276 Aut
1208 2216 1311 2275 Martis
1344 2233 1500 2292 cognomen
1532 2237 1549 2276 a

376 2307 429 2364 dea
450 2306 573 2365 mutuati
597 2309 666 2364 sunt
689 2309 739 2364 aut
762 2307 829 2364 deae
851 2322 955 2366 nomen
975 2306 1116 2376 aMartis,
1141 2307 1192 2365 aut
1206 2307 1289 2364 ambo
1303 2307 1420 2365 nomina
1434 2323 1551 2366 seorsus

376 2397 439 2454 orta
462 2397 537 2454 sunt.
575 2395 716 2454 Funditus
740 2397 833 2454 autem
856 2395 998 2454 reicienda
1021 2397 1065 2454 est
1088 2395 1184 2470 opinio
1200 2396 1280 2454 deam
1295 2413 1313 2454 a
1326 2395 1426 2454 Martis
1441 2413 1550 2470 cogno-

375 2485 449 2543 mine
471 2487 574 2544 nornen
597 2485 751 2558 accepisse,
776 2484 881 2558 quippe
904 2485 950 2543 cui
973 2485 1064 2543 forma
1086 2485 1233 2544 nominum
1246 2501 1365 2559 prorsus
1380 2485 1549 2560 refragetur.

374 2574 413 2632 Et
444 2573 498 2632 viri
531 2574 616 2645 docti,
651 2575 787 2648 quantum
819 2573 878 2632 vidi
911 2591 1017 2645 omnes,
1040 2575 1119 2632 haud
1142 2575 1202 2634 scio
1227 2592 1264 2632 an
1285 2591 1373 2648 prave
1397 2574 1550 2646 senserint,

376 2681 439 2722 cum
461 2654 561 2723 Martis
595 2680 752 2738 cognomen
783 2681 801 2721 a
833 2664 885 2722 dea
917 2663 1055 2738 originem
1079 2664 1192 2722 duxisse
1216 2663 1445 2738 suspicarentur3
1478 2665 1551 2723 haec

376 2753 451 2812 enim
473 2752 574 2823 habeo,
600 2770 671 2827 quae
696 2769 851 2826 opponam:
875 2752 1041 2826 Nunquam,
1066 2753 1124 2812 nisi
1148 2753 1243 2812 omnia
1261 2770 1305 2812 me
1321 2752 1434 2824 fallunt,
1458 2753 1551 2812 ullum

376 2842 421 2901 dei
445 2859 601 2916 cognomen
625 2843 661 2917 ab
686 2843 742 2900 alio
765 2841 881 2900 numine
905 2843 1050 2916 sumptum
1073 2843 1127 2913 est,
1155 2842 1213 2901 nisi
1235 2842 1461 2917 propinquitatis
1484 2843 1550 2902 rin-

376 2931 439 2990 culo
463 2932 537 2990 inter
560 2948 591 2990 se
614 2931 766 2998 coniuncta
787 2932 911 2990 fuerunt.
957 2932 1058 3004 Itaque
1079 2927 1246 2998 Ἐνυάλιος
1275 2931 1349 2990 idem
1376 2932 1470 2991 valere
1502 2934 1550 2990 at-

377 3038 430 3094 que
453 3021 645 3080 inflammatus
668 3022 713 3079 vel
735 3021 871 3080 incensus
899 3019 936 3078 ab
959 3021 1040 3094 Enyo
1073 3014 1157 3102 dea²>
1189 3021 1286 3080 nullus
1317 3023 1424 3096 potest,
1457 3037 1550 3095 neque

375 3109 465 3168 filium
486 3111 586 3184 Enyus
610 3111 702 3169 dicere
724 3110 877 3184 Enyalium
899 3110 944 3168 ias
968 3111 1037 3181 erat,
1062 3110 1196 3184 quoniam
1219 3111 1311 3169 exitus
1334 3111 1415 3170 vocis
1439 3128 1456 3170 a
1479 3127 1549 3170 ocn-

377 3199 526 3258 snetudine
551 3201 696 3272 abhorret3
721 3202 823 3258 exeunt
845 3199 920 3258 enim
943 3199 1082 3259 eiusmodi
1104 3199 1220 3258 nomina
1242 3200 1273 3259 in
1296 3233 1340 3242 -
1363 3197 1433 3279 ίδης
1446 3201 1490 3258 vel
1504 3232 1548 3242 —

376 3287 476 3368 γενής,
499 3290 577 3348 velut
598 3289 702 3363 Apollo
725 3289 813 3347 Lotus
836 3288 913 3348 filius
935 3288 1099 3348 nominatur
1121 3285 1303 3369 Ληταγενής
1331 3291 1359 3348 et
1381 3285 1549 3368 Λητοΐδης.

375 3379 452 3452 Ergo
466 3379 568 3438 Martis
584 3395 742 3453 cognomen
763 3378 843 3437 nulla
866 3378 1057 3438 intercedente
1080 3378 1190 3437 ratione
1215 3397 1278 3438 cum
1301 3379 1354 3436 dea
1377 3381 1469 3437 ortum
1492 3379 1547 3449 est,

377 3485 448 3541 quae
480 3469 643 3528 coniectura
675 3467 760 3526 certis
792 3467 905 3526 indiciis
938 3467 1067 3526 fulcitur:
1103 3468 1266 3527 accuratius
1294 3467 1369 3526 eninr
1392 3467 1549 3541 inquirenti

375 3557 477 3616 mirum
499 3558 628 3616 videatur
649 3575 708 3616 non
730 3559 789 3616 tam
812 3557 890 3616 nullo
913 3556 987 3628 loco,
1021 3573 1076 3630 quo
1100 3557 1215 3632 Enyalii
1236 3557 1342 3616 mentio
1372 3557 1433 3629 fiat,
1466 3557 1548 3631 Enyo

376 3664 438 3705 esse
467 3649 712 3706 commemoratam
734 3645 877 3720 -quod
909 3645 1031 3719 quidem,
1065 3646 1091 3705 si
1123 3647 1205 3705 ambo
1239 3647 1392 3706 artioribus
1424 3645 1548 3705 vinculis

376 3736 520 3796 coniuncti
551 3736 683 3807 fuissent,
716 3735 777 3794 fieri
808 3735 855 3794 vix
887 3735 1029 3809 potuisset
1061 3768 1106 3777 —
1138 3753 1223 3810 quam
1255 3736 1327 3794 illud
1356 3736 1547 3812 potissimum,

377 3826 452 3898 quod
483 3827 594 3899 poetae,
628 3825 677 3898 qui
708 3825 819 3884 noverit
841 3824 1002 3899 Enyalium,
1035 3825 1137 3899 ignota
1167 3825 1253 3884 fuerit
1275 3817 1364 3900 Enyo.
1414 3825 1495 3894 Quod
1516 3824 1549 3882 in

377 3915 464 3973 iliade
487 3915 609 3974 forsitan
633 3933 702 3973 casu
726 3915 848 3987 quodam
870 3915 975 3972 factum
999 3914 1038 3972 sit
1052 3947 1095 3957 -
1110 3914 1255 3973 Diomedis
1274 3912 1411 3992 ἀριστεία
1426 3913 1547 3988 Enyalio

376 4007 461 4074 caret,
496 4006 589 4062 cetera
620 4003 747 4063 carmina
777 4003 858 4076 Enyo
891 4036 958 4074 -,,
976 4005 1073 4062 tamen
1105 4006 1301 4078 argumentum
1329 4005 1407 4062 haud
1429 4019 1547 4078 parvum

377 4093 545 4152 eliciendum
577 4094 621 4152 est
653 4111 667 4152 e
697 4091 805 4163 libello,
839 4092 889 4166 qui
911 4092 1078 4152 inscribitur
1096 4088 1204 4160 Ἄσπὶς
1223 4089 1428 4172 Ἡρακλέους.
1473 4092 1548 4150 Nam

466 4338 487 4408 ¹)
506 4337 637 4405 Porphyr.
656 4337 689 4391 de
707 4335 806 4392 cherin.
826 4336 902 4390 Hor:
926 4335 954 4388 ἓν
977 4335 1006 4388 δὲ
1026 4343 1057 4403 τῇ
1076 4343 1123 4389 νῦν
1141 4336 1269 4403 Σαλαμῖνι
1285 4378 1290 4389 .
1307 4378 1313 4390 .
1328 4375 1335 4386 .
1374 4377 1379 4389 .
1394 4335 1486 4389 didam
1505 4335 1546 4387 ἅν·

376 4409 487 4478 θρωαος
510 4417 540 4476 τῇ
562 4408 712 4476 Ἀγραύλῳ.
729 4451 735 4462 .
750 4451 756 4463 .
769 4407 815 4460 καὶ
840 4408 939 4475 διέμενε
962 4407 990 4460 τὸ
1014 4408 1076 4466 ἔθος
1099 4408 1160 4476 ἄχρι
1184 4414 1237 4460 τῶν
1259 4407 1409 4476 Διομήδους
1431 4408 1545 4476 χρόνων·

377 4479 430 4534 ⁸²³⁰
447 4479 1235 4622 offirmafavrffgffiraaseasaytfigygffia
1254 4499 1280 4534 '‘'
1295 4499 1315 4533 τ’
1330 4479 1352 4532 r.
