<?xml version="1.0" encoding="UTF-8"?>
<!DOCTYPE html PUBLIC "-//W3C//DTD XHTML 1.0 Transitional//EN"
    "http://www.w3.org/TR/xhtml1/DTD/xhtml1-transitional.dtd">
<html xmlns="http://www.w3.org/1999/xhtml" xml:lang="en" lang="en">
 <head>
  <title>
</title>
<meta http-equiv="Content-Type" content="text/html;charset=utf-8" />
  <meta name='ocr-system' content='tesseract 3.04.00' />
  <meta name='ocr-capabilities' content='ocr_page ocr_carea ocr_par ocr_line ocrx_word'/>
</head>
<body>
  <div class='ocr_page' id='page_1' title='image "./debellidaemonib00berggoog_0050.png"; bbox 0 0 3346 5330; ppageno 0'>
   <div class='ocr_carea' id='block_1_1' title="bbox 620 531 842 594">
    <p class='ocr_par' dir='ltr' id='par_1_1' title="bbox 620 531 842 594">
     <span class='ocr_line' id='line_1_1' title="bbox 620 531 842 594; baseline -0.009 -16"><span class='ocrx_word' id='word_1_1' title='bbox 620 531 842 594; x_wconf 70' lang='lat'>..45-</span> 
     </span>
    </p>
   </div>
   <div class='ocr_carea' id='block_1_2' title="bbox 140 709 1318 2221">
    <p class='ocr_par' dir='ltr' id='par_1_2' title="bbox 144 709 1317 862">
     <span class='ocr_line' id='line_1_2' title="bbox 145 709 1317 784; baseline 0.005 -17"><span class='ocrx_word' id='word_1_2' title='bbox 145 709 258 780; x_wconf 90' lang='lat' dir='ltr'><strong>dicitur,</strong></span> <span class='ocrx_word' id='word_1_3' title='bbox 290 728 371 784; x_wconf 89' lang='lat' dir='ltr'><strong>quem</strong></span> <span class='ocrx_word' id='word_1_4' title='bbox 399 711 514 770; x_wconf 87' lang='lat' dir='ltr'><strong>maioris</strong></span> <span class='ocrx_word' id='word_1_5' title='bbox 537 712 673 771; x_wconf 79' lang='lat' dir='ltr'><strong>momenti</strong></span> <span class='ocrx_word' id='word_1_6' title='bbox 696 712 786 771; x_wconf 88' lang='lat' dir='ltr'><strong>fuisse</strong></span> <span class='ocrx_word' id='word_1_7' title='bbox 808 713 853 772; x_wconf 85' lang='lat' dir='ltr'><strong>vel</strong></span> <span class='ocrx_word' id='word_1_8' title='bbox 876 731 890 771; x_wconf 95' lang='lat' dir='ltr'><strong>e</strong></span> <span class='ocrx_word' id='word_1_9' title='bbox 913 709 951 772; x_wconf 91' lang='lat' dir='ltr'><em>N</em></span> <span class='ocrx_word' id='word_1_10' title='bbox 957 716 1009 770; x_wconf 83' lang='lat'><strong>299</strong></span> <span class='ocrx_word' id='word_1_11' title='bbox 1032 713 1178 784; x_wconf 80' lang='lat' dir='ltr'>discimus,</span> <span class='ocrx_word' id='word_1_12' title='bbox 1211 713 1261 773; x_wconf 90' lang='lat' dir='ltr'><strong>ubi</strong></span> <span class='ocrx_word' id='word_1_13' title='bbox 1284 715 1317 773; x_wconf 94' lang='lat' dir='ltr'><strong>de</strong></span> 
     </span>
     <span class='ocr_line' id='line_1_3' title="bbox 144 799 350 862; baseline 0.024 -5"><span class='ocrx_word' id='word_1_14' title='bbox 144 799 244 858; x_wconf 88' lang='lat' dir='ltr'><strong>Deimo</strong></span> <span class='ocrx_word' id='word_1_15' title='bbox 268 799 350 862; x_wconf 86' lang='lat' dir='ltr'><strong>nihil.</strong></span> 
     </span>
    </p>

    <p class='ocr_par' dir='ltr' id='par_1_3' title="bbox 142 887 1316 1053">
     <span class='ocr_line' id='line_1_4' title="bbox 232 887 1316 966; baseline 0.005 -20"><span class='ocrx_word' id='word_1_16' title='bbox 232 887 330 960; x_wconf 88' lang='lat' dir='ltr'><strong>Notio,</strong></span> <span class='ocrx_word' id='word_1_17' title='bbox 364 907 436 963; x_wconf 85' lang='lat' dir='ltr'><strong>quae</strong></span> <span class='ocrx_word' id='word_1_18' title='bbox 468 889 553 948; x_wconf 81' lang='lat' dir='ltr'><strong>fuerit</strong></span> <span class='ocrx_word' id='word_1_19' title='bbox 584 891 707 964; x_wconf 89' lang='lat' dir='ltr'><strong>utrique,</strong></span> <span class='ocrx_word' id='word_1_20' title='bbox 740 909 773 950; x_wconf 81' lang='lat' dir='ltr'><strong>ex</strong></span> <span class='ocrx_word' id='word_1_21' title='bbox 804 908 859 950; x_wconf 91' lang='lat' dir='ltr'><strong>usu</strong></span> <span class='ocrx_word' id='word_1_22' title='bbox 885 892 978 966; x_wconf 91' lang='lat' dir='ltr'><strong>patet:</strong></span> <span class='ocrx_word' id='word_1_23' title='bbox 1012 891 1128 950; x_wconf 85' lang='lat' dir='ltr'><strong>lieimos</strong></span> <span class='ocrx_word' id='word_1_24' title='bbox 1152 895 1196 950; x_wconf 87' lang='lat' dir='ltr'><strong>est</strong></span> <span class='ocrx_word' id='word_1_25' title='bbox 1218 893 1316 951; x_wconf 88' lang='lat' dir='ltr'><strong>hostes</strong></span> 
     </span>
     <span class='ocr_line' id='line_1_5' title="bbox 142 979 539 1053; baseline 0.005 -18"><span class='ocrx_word' id='word_1_26' title='bbox 142 979 263 1048; x_wconf 89' lang='lat' dir='ltr'><strong>terrens,</strong></span> <span class='ocrx_word' id='word_1_27' title='bbox 287 979 401 1037; x_wconf 87' lang='lat' dir='ltr'><strong>Phobos</strong></span> <span class='ocrx_word' id='word_1_28' title='bbox 425 979 539 1053; x_wconf 84' lang='lat' dir='ltr'><strong>fugans.</strong></span> 
     </span>
    </p>

    <p class='ocr_par' dir='ltr' id='par_1_4' title="bbox 140 1065 1318 2221">
     <span class='ocr_line' id='line_1_6' title="bbox 235 1065 1316 1140; baseline 0.004 -15"><span class='ocrx_word' id='word_1_29' title='bbox 235 1065 359 1136; x_wconf 78' lang='lat' dir='ltr'><strong>Quorum</strong></span> <span class='ocrx_word' id='word_1_30' title='bbox 383 1067 512 1139; x_wconf 89' lang='lat' dir='ltr'><strong>altemm,</strong></span> <span class='ocrx_word' id='word_1_31' title='bbox 540 1069 669 1140; x_wconf 91' lang='lat' dir='ltr'><strong>Phobon,</strong></span> <span class='ocrx_word' id='word_1_32' title='bbox 703 1069 732 1126; x_wconf 92' lang='lat' dir='ltr'><strong>in</strong></span> <span class='ocrx_word' id='word_1_33' title='bbox 756 1070 871 1128; x_wconf 93' lang='lat' dir='ltr'><strong>deorum</strong></span> <span class='ocrx_word' id='word_1_34' title='bbox 893 1086 1009 1128; x_wconf 90' lang='lat' dir='ltr'><strong>numero</strong></span> <span class='ocrx_word' id='word_1_35' title='bbox 1033 1069 1162 1128; x_wconf 91' lang='lat' dir='ltr'><strong>habitum</strong></span> <span class='ocrx_word' id='word_1_36' title='bbox 1187 1087 1249 1129; x_wconf 87' lang='lat' dir='ltr'><strong>esse</strong></span> <span class='ocrx_word' id='word_1_37' title='bbox 1273 1071 1316 1129; x_wconf 90' lang='lat' dir='ltr'><strong>di·</strong></span> 
     </span>
     <span class='ocr_line' id='line_1_7' title="bbox 142 1155 1316 1232; baseline 0.003 -17"><span class='ocrx_word' id='word_1_38' title='bbox 142 1155 274 1230; x_wconf 78' lang='lat' dir='ltr'><strong>vinisque</strong></span> <span class='ocrx_word' id='word_1_39' title='bbox 296 1155 453 1216; x_wconf 86' lang='lat' dir='ltr'>honoribus</span> <span class='ocrx_word' id='word_1_40' title='bbox 476 1174 559 1216; x_wconf 89' lang='lat' dir='ltr'><strong>nsum</strong></span> <span class='ocrx_word' id='word_1_41' title='bbox 581 1175 672 1232; x_wconf 90' lang='lat' dir='ltr'><strong>nuper</strong></span> <span class='ocrx_word' id='word_1_42' title='bbox 695 1157 820 1217; x_wconf 85' lang='lat' dir='ltr'><strong>evincere</strong></span> <span class='ocrx_word' id='word_1_43' title='bbox 843 1158 953 1217; x_wconf 80' lang='lat' dir='ltr'><strong>studuit</strong></span> <span class='ocrx_word' id='word_1_44' title='bbox 976 1159 1148 1218; x_wconf 70' lang='lat' dir='ltr'><strong>albrechtus</strong></span> <span class='ocrx_word' id='word_1_45' title='bbox 1172 1159 1316 1218; x_wconf 87' lang='lat' dir='ltr'><strong>Dietericlr</strong></span> 
     </span>
     <span class='ocr_line' id='line_1_8' title="bbox 143 1245 1318 1326; baseline 0.003 -22"><span class='ocrx_word' id='word_1_46' title='bbox 143 1245 291 1319; x_wconf 89' lang='lat' dir='ltr'><strong>inlepido</strong></span> <span class='ocrx_word' id='word_1_47' title='bbox 315 1246 422 1318; x_wconf 92' lang='lat' dir='ltr'><strong>libello,</strong></span> <span class='ocrx_word' id='word_1_48' title='bbox 448 1263 530 1320; x_wconf 91' lang='lat' dir='ltr'><strong>quem</strong></span> <span class='ocrx_word' id='word_1_49' title='bbox 553 1246 703 1321; x_wconf 77' lang='lat' dir='ltr'><strong>inscripsit</strong></span> <span class='ocrx_word' id='word_1_50' title='bbox 720 1245 889 1326; x_wconf 84' lang='lat' dir='ltr'><strong>‚,Abraxas“</strong></span> <span class='ocrx_word' id='word_1_51' title='bbox 913 1265 943 1322; x_wconf 93' lang='lat' dir='ltr'><strong>p.</strong></span> <span class='ocrx_word' id='word_1_52' title='bbox 960 1250 1001 1308; x_wconf 86' lang='lat'><strong>86</strong></span> <span class='ocrx_word' id='word_1_53' title='bbox 1013 1265 1056 1322; x_wconf 89' lang='lat' dir='ltr'><strong>sq.</strong></span> <span class='ocrx_word' id='word_1_54' title='bbox 1096 1247 1178 1318; x_wconf 75' lang='lat' dir='ltr'><strong>Quod</strong></span> <span class='ocrx_word' id='word_1_55' title='bbox 1201 1248 1318 1324; x_wconf 88' lang='lat' dir='ltr'><strong>collegit</strong></span> 
     </span>
     <span class='ocr_line' id='line_1_9' title="bbox 143 1332 1314 1418; baseline 0.003 -25"><span class='ocrx_word' id='word_1_56' title='bbox 143 1353 178 1393; x_wconf 82' lang='lat' dir='ltr'><strong>ex</strong></span> <span class='ocrx_word' id='word_1_57' title='bbox 213 1334 291 1396; x_wconf 76' lang='lat' dir='ltr'><strong>hisce</strong></span> <span class='ocrx_word' id='word_1_58' title='bbox 327 1335 412 1394; x_wconf 90' lang='lat' dir='ltr'><strong>locis:</strong></span> <span class='ocrx_word' id='word_1_59' title='bbox 455 1335 612 1406; x_wconf 78' lang='lat' dir='ltr'><strong>Plutarchi,</strong></span> <span class='ocrx_word' id='word_1_60' title='bbox 655 1336 704 1410; x_wconf 89' lang='lat' dir='ltr'><strong>qui</strong></span> <span class='ocrx_word' id='word_1_61' title='bbox 740 1337 774 1395; x_wconf 93' lang='lat' dir='ltr'><strong>de</strong></span> <span class='ocrx_word' id='word_1_62' title='bbox 810 1336 971 1396; x_wconf 84' lang='lat' dir='ltr'><strong>Alexandro</strong></span> <span class='ocrx_word' id='word_1_63' title='bbox 1008 1338 1114 1412; x_wconf 87' lang='lat' dir='ltr'><strong>Magno</strong></span> <span class='ocrx_word' id='word_1_64' title='bbox 1122 1332 1147 1418; x_wconf 83' lang='grc'><strong>1)</strong></span> <span class='ocrx_word' id='word_1_65' title='bbox 1184 1337 1314 1396; x_wconf 83' lang='lat' dir='ltr'><strong>tradidit:</strong></span> 
     </span>
     <span class='ocr_line' id='line_1_10' title="bbox 220 1417 1315 1510; baseline 0.003 -27.74"><span class='ocrx_word' id='word_1_66' title='bbox 220 1417 315 1497; x_wconf 79' lang='grc' dir='ltr'><strong><em>αὐτὸς</em></strong></span> <span class='ocrx_word' id='word_1_67' title='bbox 337 1421 401 1504; x_wconf 85' lang='grc' dir='ltr'><strong>πρὸ</strong></span> <span class='ocrx_word' id='word_1_68' title='bbox 424 1425 479 1504; x_wconf 81' lang='grc' dir='ltr'><strong>τῆς</strong></span> <span class='ocrx_word' id='word_1_69' title='bbox 505 1427 624 1504; x_wconf 83' lang='grc' dir='ltr'><strong><em>σκηνῆς</em></strong></span> <span class='ocrx_word' id='word_1_70' title='bbox 650 1421 728 1504; x_wconf 89' lang='grc' dir='ltr'><strong><em>μετὰ</em></strong></span> <span class='ocrx_word' id='word_1_71' title='bbox 758 1428 814 1485; x_wconf 85' lang='grc' dir='ltr'><strong>τοῦ</strong></span> <span class='ocrx_word' id='word_1_72' title='bbox 842 1421 987 1504; x_wconf 83' lang='grc' dir='ltr'><strong><em>μάντεως</em></strong></span> <span class='ocrx_word' id='word_1_73' title='bbox 1007 1421 1230 1510; x_wconf 74' lang='grc' dir='ltr'><strong><em>Ἀριστάνδρου</em></strong></span> <span class='ocrx_word' id='word_1_74' title='bbox 1255 1423 1315 1486; x_wconf 79' lang='grc' dir='ltr'><strong><em>διέ-</em></strong></span> 
     </span>
     <span class='ocr_line' id='line_1_11' title="bbox 141 1510 1317 1594; baseline 0.002 -22"><span class='ocrx_word' id='word_1_75' title='bbox 141 1511 247 1592; x_wconf 81' lang='grc' dir='ltr'><strong><em>τριβεν</em></strong></span> <span class='ocrx_word' id='word_1_76' title='bbox 273 1512 470 1593; x_wconf 61' lang='grc' dir='ltr'><strong><em>,λερουργλας</em></strong></span> <span class='ocrx_word' id='word_1_77' title='bbox 491 1510 576 1582; x_wconf 86' lang='grc' dir='ltr'><strong><em>τινὰς</em></strong></span> <span class='ocrx_word' id='word_1_78' title='bbox 593 1511 794 1594; x_wconf 80' lang='grc' dir='ltr'><strong><em>ἀπορρήτους</em></strong></span> <span class='ocrx_word' id='word_1_79' title='bbox 808 1513 1073 1594; x_wconf 79' lang='grc' dir='ltr'><strong><em>ἱερουργούμενος</em></strong></span> <span class='ocrx_word' id='word_1_80' title='bbox 1086 1512 1139 1574; x_wconf 83' lang='grc' dir='ltr'><strong>καὶ</strong></span> <span class='ocrx_word' id='word_1_81' title='bbox 1152 1519 1199 1594; x_wconf 78' lang='grc' dir='ltr'><strong>τῷ</strong></span> <span class='ocrx_word' id='word_1_82' title='bbox 1216 1511 1317 1594; x_wconf 79' lang='grc' dir='ltr'>Φόβῳ</span> 
     </span>
     <span class='ocr_line' id='line_1_12' title="bbox 142 1598 1316 1686; baseline 0.002 -24"><span class='ocrx_word' id='word_1_83' title='bbox 142 1600 430 1682; x_wconf 39' lang='grc' dir='ltr'><strong><em>σφαγιαζόμενοςζλ,</em></strong></span> <span class='ocrx_word' id='word_1_84' title='bbox 464 1603 589 1662; x_wconf 88' lang='lat' dir='ltr'><strong>eiusdem</strong></span> <span class='ocrx_word' id='word_1_85' title='bbox 621 1604 655 1662; x_wconf 93' lang='lat' dir='ltr'><strong>de</strong></span> <span class='ocrx_word' id='word_1_86' title='bbox 679 1598 834 1686; x_wconf 74' lang='lat' dir='ltr'><strong>Theseo:²)</strong></span> <span class='ocrx_word' id='word_1_87' title='bbox 866 1601 953 1671; x_wconf 81' lang='grc' dir='ltr'><strong><em>τέλος</em></strong></span> <span class='ocrx_word' id='word_1_88' title='bbox 981 1601 1016 1664; x_wconf 76' lang='lat' dir='ltr'><strong>rs</strong></span> <span class='ocrx_word' id='word_1_89' title='bbox 1043 1599 1166 1684; x_wconf 79' lang='grc' dir='ltr'><strong><em>Θησεὺς</em></strong></span> <span class='ocrx_word' id='word_1_90' title='bbox 1188 1601 1268 1664; x_wconf 86' lang='grc' dir='ltr'><strong><em>κατά</em></strong></span> <span class='ocrx_word' id='word_1_91' title='bbox 1289 1626 1316 1664; x_wconf 89' lang='grc' dir='ltr'><strong>τι</strong></span> 
     </span>
     <span class='ocr_line' id='line_1_13' title="bbox 141 1687 1314 1775; baseline 0.003 -25"><span class='ocrx_word' id='word_1_92' title='bbox 141 1689 250 1770; x_wconf 85' lang='grc' dir='ltr'><strong><em>λόγιον</em></strong></span> <span class='ocrx_word' id='word_1_93' title='bbox 280 1697 328 1771; x_wconf 76' lang='grc' dir='ltr'><strong>τῷ</strong></span> <span class='ocrx_word' id='word_1_94' title='bbox 359 1687 460 1772; x_wconf 84' lang='grc' dir='ltr'>Φόβῳ</span> <span class='ocrx_word' id='word_1_95' title='bbox 492 1689 749 1771; x_wconf 83' lang='grc' dir='ltr'><strong><em>σφαγιασάμενος</em></strong></span> <span class='ocrx_word' id='word_1_96' title='bbox 781 1697 922 1772; x_wconf 84' lang='grc' dir='ltr'><strong><em>συνῆψεν</em></strong></span> <span class='ocrx_word' id='word_1_97' title='bbox 951 1691 1058 1760; x_wconf 82' lang='grc' dir='ltr'><strong><em>αὐτοῖς</em></strong></span> <span class='ocrx_word' id='word_1_98' title='bbox 1086 1687 1314 1775; x_wconf 83' lang='lat' dir='ltr'><strong>(Amazonibus),</strong></span> 
     </span>
     <span class='ocr_line' id='line_1_14' title="bbox 142 1775 1315 1863; baseline 0.002 -24"><span class='ocrx_word' id='word_1_99' title='bbox 142 1781 178 1839; x_wconf 92' lang='lat' dir='ltr'><strong>de</strong></span> <span class='ocrx_word' id='word_1_100' title='bbox 208 1775 429 1863; x_wconf 82' lang='lat' dir='ltr'><strong>philosophis,⁸)</strong></span> <span class='ocrx_word' id='word_1_101' title='bbox 463 1781 512 1855; x_wconf 90' lang='lat' dir='ltr'><strong>qui</strong></span> <span class='ocrx_word' id='word_1_102' title='bbox 535 1781 655 1840; x_wconf 89' lang='lat' dir='ltr'><strong>Deimon</strong></span> <span class='ocrx_word' id='word_1_103' title='bbox 686 1784 714 1840; x_wconf 93' lang='lat' dir='ltr'><strong>et</strong></span> <span class='ocrx_word' id='word_1_104' title='bbox 736 1781 856 1842; x_wconf 90' lang='lat' dir='ltr'><strong>Phobon</strong></span> <span class='ocrx_word' id='word_1_105' title='bbox 879 1783 947 1841; x_wconf 90' lang='lat' dir='ltr'><strong>deos</strong></span> <span class='ocrx_word' id='word_1_106' title='bbox 971 1799 1033 1842; x_wconf 89' lang='lat' dir='ltr'><strong>esse</strong></span> <span class='ocrx_word' id='word_1_107' title='bbox 1057 1783 1209 1842; x_wconf 91' lang='lat' dir='ltr'><strong>concedere</strong></span> <span class='ocrx_word' id='word_1_108' title='bbox 1231 1783 1315 1842; x_wconf 91' lang='lat' dir='ltr'><strong>nolu-</strong></span> 
     </span>
     <span class='ocr_line' id='line_1_15' title="bbox 141 1865 1315 1952; baseline 0.002 -23"><span class='ocrx_word' id='word_1_109' title='bbox 141 1871 226 1942; x_wconf 80' lang='lat' dir='ltr'><strong>erint,</strong></span> <span class='ocrx_word' id='word_1_110' title='bbox 259 1871 293 1934; x_wconf 91' lang='lat' dir='ltr'><strong>de</strong></span> <span class='ocrx_word' id='word_1_111' title='bbox 324 1865 593 1952; x_wconf 74' lang='lat' dir='ltr'><strong>Lacedaemoniis,4)</strong></span> <span class='ocrx_word' id='word_1_112' title='bbox 617 1871 676 1944; x_wconf 90' lang='lat' dir='ltr'><strong>.qui</strong></span> <span class='ocrx_word' id='word_1_113' title='bbox 706 1871 819 1945; x_wconf 91' lang='lat' dir='ltr'><strong>publice</strong></span> <span class='ocrx_word' id='word_1_114' title='bbox 849 1871 969 1931; x_wconf 91' lang='lat' dir='ltr'><strong>Phobon</strong></span> <span class='ocrx_word' id='word_1_115' title='bbox 1002 1871 1151 1932; x_wconf 90' lang='lat' dir='ltr'><strong>coluerint.</strong></span> <span class='ocrx_word' id='word_1_116' title='bbox 1207 1872 1315 1931; x_wconf 81' lang='lat' dir='ltr'><strong>Deinde</strong></span> 
     </span>
     <span class='ocr_line' id='line_1_16' title="bbox 140 1953 1315 2041; baseline 0.003 -24"><span class='ocrx_word' id='word_1_117' title='bbox 140 1960 236 2019; x_wconf 91' lang='lat' dir='ltr'><strong>locum</strong></span> <span class='ocrx_word' id='word_1_118' title='bbox 259 1959 358 2026; x_wconf 91' lang='lat' dir='ltr'><strong>comici</strong></span> <span class='ocrx_word' id='word_1_119' title='bbox 383 1953 562 2041; x_wconf 66' lang='lat' dir='ltr'><strong>curcodemi)</strong></span> <span class='ocrx_word' id='word_1_120' title='bbox 586 1960 693 2031; x_wconf 89' lang='lat' dir='ltr'><strong>attulit,</strong></span> <span class='ocrx_word' id='word_1_121' title='bbox 718 1961 767 2034; x_wconf 90' lang='lat' dir='ltr'><strong>qui</strong></span> <span class='ocrx_word' id='word_1_122' title='bbox 785 1959 905 2020; x_wconf 93' lang='lat' dir='ltr'><strong>Phobon</strong></span> <span class='ocrx_word' id='word_1_123' title='bbox 927 1963 1025 2034; x_wconf 88' lang='lat' dir='ltr'><strong>partes</strong></span> <span class='ocrx_word' id='word_1_124' title='bbox 1049 1963 1179 2035; x_wconf 89' lang='lat' dir='ltr'><strong>agentem</strong></span> <span class='ocrx_word' id='word_1_125' title='bbox 1203 1961 1315 2032; x_wconf 83' lang='lat' dir='ltr'><strong>fecerit;</strong></span> 
     </span>
     <span class='ocr_line' id='line_1_17' title="bbox 142 2049 1316 2124; baseline 0.001 -16"><span class='ocrx_word' id='word_1_126' title='bbox 142 2049 306 2124; x_wconf 77' lang='lat' dir='ltr'><strong>gramrsimi</strong></span> <span class='ocrx_word' id='word_1_127' title='bbox 338 2051 433 2108; x_wconf 88' lang='lat' dir='ltr'><strong>autem</strong></span> <span class='ocrx_word' id='word_1_128' title='bbox 464 2049 596 2110; x_wconf 82' lang='lat' dir='ltr'><strong>momont&#39;</strong></span> <span class='ocrx_word' id='word_1_129' title='bbox 630 2049 746 2108; x_wconf 91' lang='lat' dir='ltr'><strong>titulum</strong></span> <span class='ocrx_word' id='word_1_130' title='bbox 778 2067 842 2109; x_wconf 89' lang='lat' dir='ltr'><strong>esse</strong></span> <span class='ocrx_word' id='word_1_131' title='bbox 875 2050 969 2124; x_wconf 87' lang='lat' dir='ltr'><strong>quinti</strong></span> <span class='ocrx_word' id='word_1_132' title='bbox 998 2051 1056 2109; x_wconf 86' lang='lat' dir='ltr'><strong>fere</strong></span> <span class='ocrx_word' id='word_1_133' title='bbox 1079 2068 1105 2108; x_wconf 89' lang='lat' dir='ltr'><strong>a.</strong></span> <span class='ocrx_word' id='word_1_134' title='bbox 1122 2051 1186 2110; x_wconf 81' lang='lat' dir='ltr'><strong>Chr.</strong></span> <span class='ocrx_word' id='word_1_135' title='bbox 1209 2051 1316 2110; x_wconf 87' lang='lat' dir='ltr'><strong>saeculi</strong></span> 
     </span>
     <span class='ocr_line' id='line_1_18' title="bbox 143 2132 476 2221; baseline 0.003 -24"><span class='ocrx_word' id='word_1_136' title='bbox 143 2132 323 2221; x_wconf 77' lang='lat' dir='ltr'><strong>Selinunte⁰)</strong></span> <span class='ocrx_word' id='word_1_137' title='bbox 348 2140 476 2198; x_wconf 85' lang='lat' dir='ltr'><strong>exarato:</strong></span> 
     </span>
    </p>
   </div>
   <div class='ocr_carea' id='block_1_3' title="bbox 303 2313 1155 2575">
    <p class='ocr_par' dir='ltr' id='par_1_5' title="bbox 303 2313 1155 2575">
     <span class='ocr_line' id='line_1_19' title="bbox 303 2313 1144 2395; baseline -0.001 -17"><span class='ocrx_word' id='word_1_138' title='bbox 303 2313 373 2394; x_wconf 80' lang='grc' dir='ltr'><strong><em>Δι]α</em></strong></span> <span class='ocrx_word' id='word_1_139' title='bbox 396 2335 459 2383; x_wconf 86' lang='grc' dir='ltr'><strong>τως</strong></span> <span class='ocrx_word' id='word_1_140' title='bbox 481 2313 568 2384; x_wconf 64' lang='lat' dir='ltr'><strong>deme</strong></span> <span class='ocrx_word' id='word_1_141' title='bbox 590 2314 693 2378; x_wconf 80' lang='grc' dir='ltr'><strong><em>τουσάε</em></strong></span> <span class='ocrx_word' id='word_1_142' title='bbox 715 2337 842 2377; x_wconf 86' lang='grc' dir='ltr'><strong><em>νικωντι</em></strong></span> <span class='ocrx_word' id='word_1_143' title='bbox 864 2337 911 2376; x_wconf 92' lang='grc' dir='ltr'><strong>τοι</strong></span> <span class='ocrx_word' id='word_1_144' title='bbox 934 2313 1144 2395; x_wconf 66' lang='grc' dir='ltr'><strong><em>Σελινωνλτιοι</em></strong></span> 
     </span>
     <span class='ocr_line' id='line_1_20' title="bbox 303 2402 1155 2486; baseline 0 -20"><span class='ocrx_word' id='word_1_145' title='bbox 303 2403 365 2483; x_wconf 65' lang='lat' dir='ltr'><strong>(ida</strong></span> <span class='ocrx_word' id='word_1_146' title='bbox 388 2426 451 2466; x_wconf 93' lang='grc' dir='ltr'><strong>τον</strong></span> <span class='ocrx_word' id='word_1_147' title='bbox 474 2402 532 2465; x_wconf 85' lang='grc' dir='ltr'><strong>Δια</strong></span> <span class='ocrx_word' id='word_1_148' title='bbox 555 2427 694 2484; x_wconf 84' lang='grc' dir='ltr'><strong><em>νικωμες</em></strong></span> <span class='ocrx_word' id='word_1_149' title='bbox 716 2426 768 2465; x_wconf 89' lang='grc' dir='ltr'><strong>και</strong></span> <span class='ocrx_word' id='word_1_150' title='bbox 793 2403 844 2466; x_wconf 79' lang='grc' dir='ltr'><strong>δια</strong></span> <span class='ocrx_word' id='word_1_151' title='bbox 867 2426 930 2466; x_wconf 90' lang='grc' dir='ltr'><strong>τον</strong></span> <span class='ocrx_word' id='word_1_152' title='bbox 957 2402 1066 2486; x_wconf 82' lang='grc' dir='ltr'><strong><em>Φοβον</em></strong></span> <span class='ocrx_word' id='word_1_153' title='bbox 1091 2404 1155 2484; x_wconf 86' lang='grc' dir='ltr'><strong><em>[και</em></strong></span> 
     </span>
     <span class='ocr_line' id='line_1_21' title="bbox 303 2491 997 2575; baseline 0.003 -21"><span class='ocrx_word' id='word_1_154' title='bbox 303 2491 354 2554; x_wconf 79' lang='lat' dir='ltr'><strong>deu</strong></span> <span class='ocrx_word' id='word_1_155' title='bbox 377 2491 531 2575; x_wconf 85' lang='grc' dir='ltr'><strong><em>Ηρακλεα</em></strong></span> <span class='ocrx_word' id='word_1_156' title='bbox 555 2516 608 2555; x_wconf 89' lang='grc' dir='ltr'><strong>και</strong></span> <span class='ocrx_word' id='word_1_157' title='bbox 633 2492 662 2554; x_wconf 82' lang='grc' dir='ltr'><strong>δι</strong></span> <span class='ocrx_word' id='word_1_158' title='bbox 685 2492 865 2555; x_wconf 82' lang='grc' dir='ltr'><strong><em>Απολλωνα</em></strong></span> <span class='ocrx_word' id='word_1_159' title='bbox 889 2516 918 2555; x_wconf 89' lang='grc' dir='ltr'><strong>κ.</strong></span> <span class='ocrx_word' id='word_1_160' title='bbox 932 2516 956 2555; x_wconf 94' lang='grc' dir='ltr'><strong>τ.</strong></span> <span class='ocrx_word' id='word_1_161' title='bbox 971 2493 997 2556; x_wconf 89' lang='grc' dir='ltr'><strong>λ.</strong></span> 
     </span>
    </p>
   </div>
   <div class='ocr_carea' id='block_1_4' title="bbox 139 2673 1314 3916">
    <p class='ocr_par' dir='ltr' id='par_1_6' title="bbox 141 2673 1314 3017">
     <span class='ocr_line' id='line_1_22' title="bbox 232 2673 1314 2744; baseline 0.002 -12"><span class='ocrx_word' id='word_1_162' title='bbox 232 2673 342 2744; x_wconf 80' lang='lat' dir='ltr'><strong>Quibus</strong></span> <span class='ocrx_word' id='word_1_163' title='bbox 375 2674 470 2733; x_wconf 87' lang='lat' dir='ltr'><strong>causis</strong></span> <span class='ocrx_word' id='word_1_164' title='bbox 502 2675 659 2732; x_wconf 89' lang='lat' dir='ltr'><strong>commotus</strong></span> <span class='ocrx_word' id='word_1_165' title='bbox 690 2673 810 2733; x_wconf 91' lang='lat' dir='ltr'><strong>Phobon</strong></span> <span class='ocrx_word' id='word_1_166' title='bbox 847 2673 904 2732; x_wconf 89' lang='lat' dir='ltr'><strong>iam</strong></span> <span class='ocrx_word' id='word_1_167' title='bbox 941 2676 1008 2732; x_wconf 89' lang='lat' dir='ltr'><strong>ante</strong></span> <span class='ocrx_word' id='word_1_168' title='bbox 1040 2674 1195 2733; x_wconf 91' lang='lat' dir='ltr'><strong>Homerum</strong></span> <span class='ocrx_word' id='word_1_169' title='bbox 1231 2675 1314 2734; x_wconf 90' lang='lat' dir='ltr'><strong>deum</strong></span> 
     </span>
     <span class='ocr_line' id='line_1_23' title="bbox 141 2763 1314 2837; baseline 0.003 -17"><span class='ocrx_word' id='word_1_170' title='bbox 141 2763 294 2822; x_wconf 80' lang='lat' dir='ltr'><strong>marimum</strong></span> <span class='ocrx_word' id='word_1_171' title='bbox 317 2763 406 2822; x_wconf 86' lang='lat' dir='ltr'><strong>fuisse</strong></span> <span class='ocrx_word' id='word_1_172' title='bbox 429 2763 583 2835; x_wconf 88' lang='lat' dir='ltr'><strong>concludit,</strong></span> <span class='ocrx_word' id='word_1_173' title='bbox 615 2765 718 2837; x_wconf 83' lang='lat' dir='ltr'><strong>postea</strong></span> <span class='ocrx_word' id='word_1_174' title='bbox 740 2763 826 2822; x_wconf 86' lang='lat' dir='ltr'><strong>Marti</strong></span> <span class='ocrx_word' id='word_1_175' title='bbox 858 2763 988 2823; x_wconf 89' lang='lat' dir='ltr'><strong>comitem</strong></span> <span class='ocrx_word' id='word_1_176' title='bbox 1011 2763 1149 2835; x_wconf 89' lang='lat' dir='ltr'><strong>additum,</strong></span> <span class='ocrx_word' id='word_1_177' title='bbox 1181 2765 1241 2822; x_wconf 90' lang='lat' dir='ltr'><strong>tum</strong></span> <span class='ocrx_word' id='word_1_178' title='bbox 1265 2765 1314 2824; x_wconf 94' lang='lat' dir='ltr'><strong>de·</strong></span> 
     </span>
     <span class='ocr_line' id='line_1_24' title="bbox 141 2851 1313 2928; baseline 0.002 -18"><span class='ocrx_word' id='word_1_179' title='bbox 141 2871 217 2910; x_wconf 91' lang='lat' dir='ltr'><strong>mum</strong></span> <span class='ocrx_word' id='word_1_180' title='bbox 241 2852 302 2911; x_wconf 87' lang='lat' dir='ltr'><strong>eius</strong></span> <span class='ocrx_word' id='word_1_181' title='bbox 326 2853 447 2928; x_wconf 88' lang='lat' dir='ltr'><strong>effigiem</strong></span> <span class='ocrx_word' id='word_1_182' title='bbox 470 2853 561 2912; x_wconf 87' lang='lat' dir='ltr'><strong>scutis</strong></span> <span class='ocrx_word' id='word_1_183' title='bbox 584 2852 762 2927; x_wconf 90' lang='lat' dir='ltr'><strong>impressum,</strong></span> <span class='ocrx_word' id='word_1_184' title='bbox 796 2853 891 2927; x_wconf 89' lang='lat' dir='ltr'><strong>ipsum</strong></span> <span class='ocrx_word' id='word_1_185' title='bbox 922 2851 1025 2912; x_wconf 85' lang='lat' dir='ltr'><strong>larvali</strong></span> <span class='ocrx_word' id='word_1_186' title='bbox 1047 2853 1148 2912; x_wconf 92' lang='lat' dir='ltr'><strong>habitu</strong></span> <span class='ocrx_word' id='word_1_187' title='bbox 1172 2853 1313 2927; x_wconf 89' lang='lat' dir='ltr'><strong>paulatim</strong></span> 
     </span>
     <span class='ocr_line' id='line_1_25' title="bbox 141 2941 1026 3017; baseline 0.001 -18"><span class='ocrx_word' id='word_1_188' title='bbox 141 2941 274 3000; x_wconf 85' lang='lat' dir='ltr'><strong>allectum</strong></span> <span class='ocrx_word' id='word_1_189' title='bbox 298 2959 370 3012; x_wconf 88' lang='lat' dir='ltr'><strong>esse,</strong></span> <span class='ocrx_word' id='word_1_190' title='bbox 394 2943 461 3001; x_wconf 95' lang='lat' dir='ltr'><strong>dum</strong></span> <span class='ocrx_word' id='word_1_191' title='bbox 484 2943 513 3000; x_wconf 92' lang='lat' dir='ltr'><strong>in</strong></span> <span class='ocrx_word' id='word_1_192' title='bbox 537 2942 729 3017; x_wconf 88' lang='lat' dir='ltr'><strong>cosmogeuiis</strong></span> <span class='ocrx_word' id='word_1_193' title='bbox 752 2942 855 3000; x_wconf 86' lang='lat' dir='ltr'><strong>iterum</strong></span> <span class='ocrx_word' id='word_1_194' title='bbox 878 2942 1026 3000; x_wconf 85' lang='lat' dir='ltr'><strong>exstiterit.</strong></span> 
     </span>
    </p>

    <p class='ocr_par' dir='ltr' id='par_1_7' title="bbox 139 3031 1313 3916">
     <span class='ocr_line' id='line_1_26' title="bbox 230 3031 1312 3104; baseline 0.001 -15"><span class='ocrx_word' id='word_1_195' title='bbox 230 3031 379 3104; x_wconf 82' lang='lat' dir='ltr'><strong>Equidem,</strong></span> <span class='ocrx_word' id='word_1_196' title='bbox 412 3031 468 3090; x_wconf 87' lang='lat' dir='ltr'><strong>etsi</strong></span> <span class='ocrx_word' id='word_1_197' title='bbox 500 3031 595 3090; x_wconf 87' lang='lat' dir='ltr'><strong>omnia</strong></span> <span class='ocrx_word' id='word_1_198' title='bbox 626 3031 697 3090; x_wconf 89' lang='lat' dir='ltr'><strong>haec</strong></span> <span class='ocrx_word' id='word_1_199' title='bbox 729 3031 894 3090; x_wconf 89' lang='lat' dir='ltr'><strong>testimonia</strong></span> <span class='ocrx_word' id='word_1_200' title='bbox 925 3033 1001 3089; x_wconf 91' lang='lat' dir='ltr'><strong>recte</strong></span> <span class='ocrx_word' id='word_1_201' title='bbox 1033 3048 1063 3089; x_wconf 90' lang='lat' dir='ltr'><strong>se</strong></span> <span class='ocrx_word' id='word_1_202' title='bbox 1086 3031 1189 3090; x_wconf 88' lang='lat' dir='ltr'><strong>habere</strong></span> <span class='ocrx_word' id='word_1_203' title='bbox 1211 3032 1312 3104; x_wconf 85' lang='lat' dir='ltr'><strong>fateor,</strong></span> 
     </span>
     <span class='ocr_line' id='line_1_27' title="bbox 140 3120 1313 3196; baseline 0.002 -18"><span class='ocrx_word' id='word_1_204' title='bbox 140 3120 284 3180; x_wconf 87' lang='lat' dir='ltr'><strong>Dieterico·</strong></span> <span class='ocrx_word' id='word_1_205' title='bbox 307 3120 476 3194; x_wconf 81' lang='lat' dir='ltr'><strong>adstipulari</strong></span> <span class='ocrx_word' id='word_1_206' title='bbox 499 3138 678 3194; x_wconf 87' lang='lat' dir='ltr'><strong>nequaquam</strong></span> <span class='ocrx_word' id='word_1_207' title='bbox 701 3137 833 3194; x_wconf 89' lang='lat' dir='ltr'><strong>possnm;</strong></span> <span class='ocrx_word' id='word_1_208' title='bbox 867 3121 950 3179; x_wconf 91' lang='lat' dir='ltr'><strong>immo</strong></span> <span class='ocrx_word' id='word_1_209' title='bbox 984 3120 1032 3194; x_wconf 89' lang='lat' dir='ltr'><strong>qui</strong></span> <span class='ocrx_word' id='word_1_210' title='bbox 1062 3123 1210 3196; x_wconf 88' lang='lat' dir='ltr'><strong>poetarum</strong></span> <span class='ocrx_word' id='word_1_211' title='bbox 1233 3121 1313 3180; x_wconf 90' lang='lat' dir='ltr'><strong>locos</strong></span> 
     </span>
     <span class='ocr_line' id='line_1_28' title="bbox 140 3209 1312 3283; baseline 0.002 -16"><span class='ocrx_word' id='word_1_212' title='bbox 140 3209 358 3282; x_wconf 89' lang='lat' dir='ltr'><strong>antiquissimos</strong></span> <span class='ocrx_word' id='word_1_213' title='bbox 383 3209 544 3268; x_wconf 82' lang='lat' dir='ltr'><strong>accuratius</strong></span> <span class='ocrx_word' id='word_1_214' title='bbox 567 3209 742 3283; x_wconf 85' lang='lat' dir='ltr'><strong>inspexerint</strong></span> <span class='ocrx_word' id='word_1_215' title='bbox 764 3226 816 3268; x_wconf 86' lang='lat' dir='ltr'><strong>nec</strong></span> <span class='ocrx_word' id='word_1_216' title='bbox 839 3227 898 3268; x_wconf 93' lang='lat' dir='ltr'><strong>non</strong></span> <span class='ocrx_word' id='word_1_217' title='bbox 921 3209 990 3267; x_wconf 87' lang='lat' dir='ltr'><strong>artis</strong></span> <span class='ocrx_word' id='word_1_218' title='bbox 1019 3209 1155 3282; x_wconf 82' lang='lat' dir='ltr'><strong>reliquias</strong></span> <span class='ocrx_word' id='word_1_219' title='bbox 1187 3212 1312 3283; x_wconf 89' lang='lat' dir='ltr'><strong>praeter·</strong></span> 
     </span>
     <span class='ocr_line' id='line_1_29' title="bbox 140 3297 1312 3373; baseline 0.002 -17"><span class='ocrx_word' id='word_1_220' title='bbox 140 3298 271 3357; x_wconf 86' lang='lat' dir='ltr'><strong>miserint</strong></span> <span class='ocrx_word' id='word_1_221' title='bbox 294 3299 331 3356; x_wconf 89' lang='lat' dir='ltr'><strong>ad</strong></span> <span class='ocrx_word' id='word_1_222' title='bbox 355 3299 440 3358; x_wconf 85' lang='lat' dir='ltr'><strong>aliam</strong></span> <span class='ocrx_word' id='word_1_223' title='bbox 465 3299 636 3358; x_wconf 89' lang='lat' dir='ltr'><strong>sententiam</strong></span> <span class='ocrx_word' id='word_1_224' title='bbox 659 3299 813 3357; x_wconf 87' lang='lat' dir='ltr'><strong>adductum</strong></span> <span class='ocrx_word' id='word_1_225' title='bbox 836 3297 872 3357; x_wconf 92' lang='lat' dir='ltr'><strong>iri</strong></span> <span class='ocrx_word' id='word_1_226' title='bbox 894 3315 1063 3373; x_wconf 89' lang='lat' dir='ltr'><strong>persuasum</strong></span> <span class='ocrx_word' id='word_1_227' title='bbox 1092 3299 1191 3357; x_wconf 86' lang='lat' dir='ltr'><strong>babeo.</strong></span> <span class='ocrx_word' id='word_1_228' title='bbox 1238 3298 1312 3359; x_wconf 86' lang='lat' dir='ltr'><strong>Puto</strong></span> 
     </span>
     <span class='ocr_line' id='line_1_30' title="bbox 141 3384 1311 3467; baseline 0.001 -21"><span class='ocrx_word' id='word_1_229' title='bbox 141 3387 216 3446; x_wconf 90' lang='lat' dir='ltr'><strong>enim</strong></span> <span class='ocrx_word' id='word_1_230' title='bbox 239 3387 306 3456; x_wconf 90' lang='lat' dir='ltr'><strong>olim</strong></span> <span class='ocrx_word' id='word_1_231' title='bbox 328 3388 442 3447; x_wconf 89' lang='lat' dir='ltr'><strong>nomine</strong></span> <span class='ocrx_word' id='word_1_232' title='bbox 468 3384 610 3467; x_wconf 79' lang='grc' dir='ltr'><strong><em>,,φάβσς“</em></strong></span> <span class='ocrx_word' id='word_1_233' title='bbox 636 3387 709 3446; x_wconf 90' lang='lat' dir='ltr'><strong>nihil</strong></span> <span class='ocrx_word' id='word_1_234' title='bbox 732 3403 895 3461; x_wconf 82' lang='lat' dir='ltr'><strong>expressum</strong></span> <span class='ocrx_word' id='word_1_235' title='bbox 917 3387 1007 3446; x_wconf 86' lang='lat' dir='ltr'><strong>fuisse</strong></span> <span class='ocrx_word' id='word_1_236' title='bbox 1031 3386 1088 3445; x_wconf 88' lang='lat' dir='ltr'><strong>nisi</strong></span> <span class='ocrx_word' id='word_1_237' title='bbox 1110 3404 1202 3461; x_wconf 89' lang='lat' dir='ltr'><strong>genus</strong></span> <span class='ocrx_word' id='word_1_238' title='bbox 1222 3389 1311 3461; x_wconf 88' lang='lat' dir='ltr'><strong>quod·</strong></span> 
     </span>
     <span class='ocr_line' id='line_1_31' title="bbox 141 3473 1312 3556; baseline 0.002 -21"><span class='ocrx_word' id='word_1_239' title='bbox 141 3477 207 3536; x_wconf 91' lang='lat' dir='ltr'><strong>dam</strong></span> <span class='ocrx_word' id='word_1_240' title='bbox 229 3477 380 3552; x_wconf 89' lang='lat' dir='ltr'><strong>gorgonei:</strong></span> <span class='ocrx_word' id='word_1_241' title='bbox 405 3478 534 3537; x_wconf 87' lang='lat' dir='ltr'><strong>conferas</strong></span> <span class='ocrx_word' id='word_1_242' title='bbox 557 3477 591 3536; x_wconf 89' lang='lat' dir='ltr'><strong>Il.</strong></span> <span class='ocrx_word' id='word_1_243' title='bbox 605 3473 639 3536; x_wconf 83' lang='lat' dir='ltr'><em>E</em></span> <span class='ocrx_word' id='word_1_244' title='bbox 646 3480 697 3534; x_wconf 84' lang='lat'><strong>739</strong></span> <span class='ocrx_word' id='word_1_245' title='bbox 721 3479 750 3535; x_wconf 92' lang='lat' dir='ltr'><strong>et</strong></span> <span class='ocrx_word' id='word_1_246' title='bbox 772 3475 857 3548; x_wconf 79' lang='lat' dir='ltr'><strong>Ass,</strong></span> <span class='ocrx_word' id='word_1_247' title='bbox 881 3478 915 3536; x_wconf 94' lang='lat' dir='ltr'><strong>de</strong></span> <span class='ocrx_word' id='word_1_248' title='bbox 939 3477 1037 3551; x_wconf 85' lang='lat' dir='ltr'><strong>aegide</strong></span> <span class='ocrx_word' id='word_1_249' title='bbox 1061 3477 1166 3535; x_wconf 88' lang='lat' dir='ltr'><strong>dictum</strong></span> <span class='ocrx_word' id='word_1_250' title='bbox 1190 3479 1247 3535; x_wconf 89' lang='lat' dir='ltr'><strong>est:</strong></span> <span class='ocrx_word' id='word_1_251' title='bbox 1273 3477 1312 3556; x_wconf 85' lang='grc' dir='ltr'><strong>ἣν</strong></span> 
     </span>
     <span class='ocr_line' id='line_1_32' title="bbox 140 3563 1312 3647; baseline 0.002 -23"><span class='ocrx_word' id='word_1_252' title='bbox 140 3563 211 3644; x_wconf 82' lang='grc' dir='ltr'><strong><em>περὶ</em></strong></span> <span class='ocrx_word' id='word_1_253' title='bbox 234 3563 292 3640; x_wconf 80' lang='grc' dir='ltr'><strong>μὲν</strong></span> <span class='ocrx_word' id='word_1_254' title='bbox 314 3564 413 3646; x_wconf 85' lang='grc' dir='ltr'><strong><em>πάντῃ</em></strong></span> <span class='ocrx_word' id='word_1_255' title='bbox 438 3563 542 3645; x_wconf 80' lang='grc' dir='ltr'><strong><em>φόβος</em></strong></span> <span class='ocrx_word' id='word_1_256' title='bbox 565 3563 820 3645; x_wconf 82' lang='grc' dir='ltr'><strong><em>ἐστεφάνωται</em></strong></span> <span class='ocrx_word' id='word_1_257' title='bbox 843 3567 877 3624; x_wconf 94' lang='lat' dir='ltr'><strong>de</strong></span> <span class='ocrx_word' id='word_1_258' title='bbox 900 3565 1121 3640; x_wconf 85' lang='lat' dir='ltr'><strong>Agamemnonis</strong></span> <span class='ocrx_word' id='word_1_259' title='bbox 1146 3567 1241 3625; x_wconf 88' lang='lat' dir='ltr'><strong>scuto:</strong></span> <span class='ocrx_word' id='word_1_260' title='bbox 1274 3570 1312 3647; x_wconf 81' lang='grc' dir='ltr'><strong>τῇ</strong></span> 
     </span>
     <span class='ocr_line' id='line_1_33' title="bbox 142 3651 1311 3735; baseline -0.001 -20"><span class='ocrx_word' id='word_1_261' title='bbox 142 3653 171 3715; x_wconf 79' lang='grc' dir='ltr'><strong>δ’</strong></span> <span class='ocrx_word' id='word_1_262' title='bbox 197 3653 247 3715; x_wconf 80' lang='grc' dir='ltr'><strong>ἐπὶ</strong></span> <span class='ocrx_word' id='word_1_263' title='bbox 268 3652 327 3735; x_wconf 79' lang='grc' dir='ltr'><strong>μὲν</strong></span> <span class='ocrx_word' id='word_1_264' title='bbox 340 3651 458 3734; x_wconf 75' lang='grc' dir='ltr'><strong><em>Γοργὼ</em></strong></span> <span class='ocrx_word' id='word_1_265' title='bbox 481 3653 683 3735; x_wconf 77' lang='grc' dir='ltr'><strong><em>βλοσυρῶπις</em></strong></span> <span class='ocrx_word' id='word_1_266' title='bbox 706 3653 951 3734; x_wconf 81' lang='grc' dir='ltr'><strong><em>ἐστεφάνωτο.</em></strong></span> <span class='ocrx_word' id='word_1_267' title='bbox 988 3656 1114 3729; x_wconf 88' lang='lat' dir='ltr'><strong>Utroque</strong></span> <span class='ocrx_word' id='word_1_268' title='bbox 1136 3655 1226 3730; x_wconf 90' lang='lat' dir='ltr'><strong>igitur</strong></span> <span class='ocrx_word' id='word_1_269' title='bbox 1247 3655 1311 3715; x_wconf 92' lang='lat' dir='ltr'><strong>loco</strong></span> 
     </span>
     <span class='ocr_line' id='line_1_34' title="bbox 141 3744 1311 3820; baseline 0.002 -18"><span class='ocrx_word' id='word_1_270' title='bbox 141 3745 175 3803; x_wconf 93' lang='lat' dir='ltr'><strong>de</strong></span> <span class='ocrx_word' id='word_1_271' title='bbox 199 3744 323 3820; x_wconf 84' lang='lat' dir='ltr'><strong>imagine</strong></span> <span class='ocrx_word' id='word_1_272' title='bbox 345 3745 467 3804; x_wconf 86' lang='lat' dir='ltr'><strong>terribili</strong></span> <span class='ocrx_word' id='word_1_273' title='bbox 490 3762 580 3804; x_wconf 90' lang='lat' dir='ltr'><strong>sermo</strong></span> <span class='ocrx_word' id='word_1_274' title='bbox 604 3746 649 3803; x_wconf 89' lang='lat' dir='ltr'><strong>est</strong></span> <span class='ocrx_word' id='word_1_275' title='bbox 671 3745 821 3803; x_wconf 89' lang='lat' dir='ltr'><strong>rotunda</strong></span> <span class='ocrx_word' id='word_1_276' title='bbox 843 3745 934 3803; x_wconf 84' lang='lat' dir='ltr'><strong>forma</strong></span> <span class='ocrx_word' id='word_1_277' title='bbox 949 3746 1028 3803; x_wconf 91' lang='lat' dir='ltr'><strong>scuto</strong></span> <span class='ocrx_word' id='word_1_278' title='bbox 1043 3744 1191 3818; x_wconf 87' lang='lat' dir='ltr'><strong>impressa.</strong></span> <span class='ocrx_word' id='word_1_279' title='bbox 1225 3745 1311 3804; x_wconf 88' lang='lat' dir='ltr'><strong>Prae·</strong></span> 
     </span>
     <span class='ocr_line' id='line_1_35' title="bbox 139 3829 1064 3916; baseline 0 -24"><span class='ocrx_word' id='word_1_280' title='bbox 139 3835 218 3893; x_wconf 87' lang='lat' dir='ltr'><strong>terea</strong></span> <span class='ocrx_word' id='word_1_281' title='bbox 239 3833 372 3894; x_wconf 87' lang='lat' dir='ltr'><strong>Herculis</strong></span> <span class='ocrx_word' id='word_1_282' title='bbox 396 3829 542 3916; x_wconf 79' lang='lat' dir='ltr'><strong>scutum⁷)</strong></span> <span class='ocrx_word' id='word_1_283' title='bbox 564 3835 640 3893; x_wconf 91' lang='lat' dir='ltr'><strong>hunc</strong></span> <span class='ocrx_word' id='word_1_284' title='bbox 663 3833 692 3892; x_wconf 93' lang='lat' dir='ltr'><strong>in</strong></span> <span class='ocrx_word' id='word_1_285' title='bbox 715 3835 829 3893; x_wconf 90' lang='lat' dir='ltr'><strong>modum</strong></span> <span class='ocrx_word' id='word_1_286' title='bbox 852 3836 983 3898; x_wconf 85' lang='lat' dir='ltr'><strong>ornatum</strong></span> <span class='ocrx_word' id='word_1_287' title='bbox 1007 3835 1064 3893; x_wconf 88' lang='lat' dir='ltr'><strong>est:</strong></span> 
     </span>
    </p>
   </div>
   <div class='ocr_carea' id='block_1_5' title="bbox 139 4077 1311 4717">
    <p class='ocr_par' dir='ltr' id='par_1_8' title="bbox 230 4079 239 4109">
     <span class='ocr_line' id='line_1_36' title="bbox 230 4079 239 4109; baseline 0 0"><span class='ocrx_word' id='word_1_288' title='bbox 230 4079 239 4109; x_wconf 80' lang='grc'>1</span> 
     </span>
    </p>

    <p class='ocr_par' dir='ltr' id='par_1_9' title="bbox 139 4077 1311 4275">
     <span class='ocr_line' id='line_1_37' title="bbox 230 4077 1311 4220; baseline 0.001 -17"><span class='ocrx_word' id='word_1_289' title='bbox 230 4078 251 4219; x_wconf 66' lang='grc' dir='ltr'><strong>’λ</strong></span> <span class='ocrx_word' id='word_1_290' title='bbox 269 4078 350 4204; x_wconf 49' lang='lat' dir='ltr'><strong>bbeexs</strong></span> <span class='ocrx_word' id='word_1_291' title='bbox 361 4077 491 4218; x_wconf 54' lang='lat' dir='ltr'><strong>{rape2371</strong></span> <span class='ocrx_word' id='word_1_292' title='bbox 517 4149 577 4204; x_wconf 87' lang='lat' dir='ltr'><strong>Nou</strong></span> <span class='ocrx_word' id='word_1_293' title='bbox 599 4149 687 4219; x_wconf 87' lang='lat' dir='ltr'><strong>video,</strong></span> <span class='ocrx_word' id='word_1_294' title='bbox 711 4149 776 4217; x_wconf 86' lang='lat' dir='ltr'><strong>quid</strong></span> <span class='ocrx_word' id='word_1_295' title='bbox 803 4149 889 4220; x_wconf 80' lang='grc' dir='ltr'><strong><em>Φόβος</em></strong></span> <span class='ocrx_word' id='word_1_296' title='bbox 912 4155 941 4205; x_wconf 84' lang='lat' dir='ltr'><strong>et</strong></span> <span class='ocrx_word' id='word_1_297' title='bbox 959 4148 1066 4218; x_wconf 77' lang='grc' dir='ltr'><strong><em>Βλέψος</em></strong></span> <span class='ocrx_word' id='word_1_298' title='bbox 1088 4148 1187 4205; x_wconf 86' lang='lat' dir='ltr'><strong>fratres</strong></span> <span class='ocrx_word' id='word_1_299' title='bbox 1211 4148 1245 4202; x_wconf 85' lang='lat' dir='ltr'><strong>ad</strong></span> <span class='ocrx_word' id='word_1_300' title='bbox 1264 4166 1311 4204; x_wconf 90' lang='lat' dir='ltr'><strong>no·</strong></span> 
     </span>
     <span class='ocr_line' id='line_1_38' title="bbox 139 4220 589 4275; baseline 0 -1"><span class='ocrx_word' id='word_1_301' title='bbox 139 4225 225 4274; x_wconf 82' lang='lat' dir='ltr'><strong>stram</strong></span> <span class='ocrx_word' id='word_1_302' title='bbox 242 4237 300 4275; x_wconf 91' lang='lat' dir='ltr'><strong>rem</strong></span> <span class='ocrx_word' id='word_1_303' title='bbox 318 4220 429 4274; x_wconf 82' lang='lat' dir='ltr'><strong>faciant.</strong></span> <span class='ocrx_word' id='word_1_304' title='bbox 586 4225 589 4232; x_wconf 82' lang='grc'>’</span> 
     </span>
    </p>

    <p class='ocr_par' dir='ltr' id='par_1_10' title="bbox 230 4291 589 4362">
     <span class='ocr_line' id='line_1_39' title="bbox 230 4291 589 4362; baseline -0.006 -16"><span class='ocrx_word' id='word_1_305' title='bbox 230 4291 251 4362; x_wconf 77' lang='lat'><strong>³)</strong></span> <span class='ocrx_word' id='word_1_306' title='bbox 266 4292 389 4360; x_wconf 84' lang='grc' dir='ltr'><strong><em>Ἐρωτικ.</em></strong></span> <span class='ocrx_word' id='word_1_307' title='bbox 404 4308 426 4346; x_wconf 86' lang='lat' dir='ltr'><strong>c.</strong></span> <span class='ocrx_word' id='word_1_308' title='bbox 443 4292 484 4346; x_wconf 88' lang='lat'><strong>18.</strong></span> <span class='ocrx_word' id='word_1_309' title='bbox 586 4301 589 4308; x_wconf 69' lang='lat'><strong>⁴</strong></span> 
     </span>
    </p>

    <p class='ocr_par' dir='ltr' id='par_1_11' title="bbox 228 4361 570 4467">
     <span class='ocr_line' id='line_1_40' title="bbox 228 4361 570 4467; baseline 0 -49"><span class='ocrx_word' id='word_1_310' title='bbox 228 4361 251 4467; x_wconf 52' lang='grc' dir='ltr'><strong>ἓ)</strong></span> <span class='ocrx_word' id='word_1_311' title='bbox 270 4380 295 4418; x_wconf 83' lang='lat' dir='ltr'><strong>v.</strong></span> <span class='ocrx_word' id='word_1_312' title='bbox 311 4363 409 4418; x_wconf 87' lang='lat' dir='ltr'><strong>Cleom.</strong></span> <span class='ocrx_word' id='word_1_313' title='bbox 425 4363 527 4418; x_wconf 89' lang='lat' dir='ltr'><strong>c.8et</strong></span> <span class='ocrx_word' id='word_1_314' title='bbox 545 4365 570 4418; x_wconf 88' lang='grc'><strong>9.</strong></span> 
     </span>
    </p>

    <p class='ocr_par' dir='ltr' id='par_1_12' title="bbox 139 4434 1308 4717">
     <span class='ocr_line' id='line_1_41' title="bbox 228 4434 1308 4589; baseline 0.001 -29"><span class='ocrx_word' id='word_1_315' title='bbox 228 4435 294 4575; x_wconf 59' lang='grc' dir='ltr'><strong>θλά</strong></span> <span class='ocrx_word' id='word_1_316' title='bbox 309 4434 408 4562; x_wconf 43' lang='lat' dir='ltr'><strong>bobien:</strong></span> <span class='ocrx_word' id='word_1_317' title='bbox 428 4507 512 4559; x_wconf 87' lang='lat' dir='ltr'><strong>Inscr.</strong></span> <span class='ocrx_word' id='word_1_318' title='bbox 527 4511 583 4560; x_wconf 87' lang='lat' dir='ltr'><strong>ent.</strong></span> <span class='ocrx_word' id='word_1_319' title='bbox 599 4507 659 4575; x_wconf 84' lang='lat'><strong>515,</strong></span> <span class='ocrx_word' id='word_1_320' title='bbox 679 4506 726 4573; x_wconf 87' lang='lat' dir='ltr'><strong>qni</strong></span> <span class='ocrx_word' id='word_1_321' title='bbox 748 4507 836 4575; x_wconf 79' lang='grc' dir='ltr'><strong><em>Φόβον</em></strong></span> <span class='ocrx_word' id='word_1_322' title='bbox 853 4507 970 4560; x_wconf 83' lang='lat' dir='ltr'><strong>Martem</strong></span> <span class='ocrx_word' id='word_1_323' title='bbox 989 4522 1046 4589; x_wconf 80' lang='lat' dir='ltr'><strong>esse</strong></span> <span class='ocrx_word' id='word_1_324' title='bbox 1064 4510 1152 4573; x_wconf 88' lang='lat' dir='ltr'><strong>putet.</strong></span> <span class='ocrx_word' id='word_1_325' title='bbox 1190 4505 1308 4575; x_wconf 88' lang='lat' dir='ltr'><strong>Sauppe:</strong></span> 
     </span>
     <span class='ocr_line' id='line_1_42' title="bbox 139 4575 1179 4717; baseline -0.002 -85"><span class='ocrx_word' id='word_1_326' title='bbox 139 4577 215 4632; x_wconf 81' lang='lat' dir='ltr'><strong>Gerr.</strong></span> <span class='ocrx_word' id='word_1_327' title='bbox 230 4575 434 4717; x_wconf 40' lang='lat' dir='ltr'><strong>gthrq‘llffll&#39;</strong></span> <span class='ocrx_word' id='word_1_328' title='bbox 453 4578 593 4702; x_wconf 51' lang='lat' dir='ltr'><strong>mom</strong></span> <span class='ocrx_word' id='word_1_329' title='bbox 630 4578 782 4632; x_wconf 85' lang='lat' dir='ltr'><strong>Benndorf:</strong></span> <span class='ocrx_word' id='word_1_330' title='bbox 801 4577 928 4646; x_wconf 82' lang='lat' dir='ltr'><strong>Metopon</strong></span> <span class='ocrx_word' id='word_1_331' title='bbox 947 4593 972 4631; x_wconf 88' lang='lat' dir='ltr'><strong>v.</strong></span> <span class='ocrx_word' id='word_1_332' title='bbox 987 4576 1079 4645; x_wconf 72' lang='lat' dir='ltr'><strong>Selm,</strong></span> <span class='ocrx_word' id='word_1_333' title='bbox 1098 4594 1123 4646; x_wconf 87' lang='lat' dir='ltr'><strong>p.</strong></span> <span class='ocrx_word' id='word_1_334' title='bbox 1137 4577 1179 4631; x_wconf 82' lang='lat'><strong>27.</strong></span> 
     </span>
    </p>

    <p class='ocr_par' dir='ltr' id='par_1_13' title="bbox 292 4666 522 4716">
     <span class='ocr_line' id='line_1_43' title="bbox 292 4666 522 4716; baseline 0.013 -16"><span class='ocrx_word' id='word_1_335' title='bbox 292 4668 334 4702; x_wconf 84' lang='grc' dir='ltr'><strong>σπ.</strong></span> <span class='ocrx_word' id='word_1_336' title='bbox 382 4668 406 4716; x_wconf 87' lang='grc' dir='ltr'><strong>ρ.</strong></span> <span class='ocrx_word' id='word_1_337' title='bbox 421 4666 446 4703; x_wconf 82' lang='lat' dir='ltr'><strong>v.</strong></span> <span class='ocrx_word' id='word_1_338' title='bbox 516 4691 522 4703; x_wconf 91' lang='lat'>.</span> 
     </span>
    </p>
   </div>
   <div class='ocr_carea' id='block_1_6' title="bbox 0 0 1678 5330">
    <p class='ocr_par' dir='ltr' id='par_1_14' title="bbox 0 0 1678 5330">
     <span class='ocr_line' id='line_1_44' title="bbox 0 0 1678 5330; baseline 0 2"><span class='ocrx_word' id='word_1_339' title='bbox 0 0 1678 5330; x_wconf 95' lang='lat' dir='ltr'><strong> </strong></span> 
     </span>
    </p>
   </div>
  </div>
 </body>
</html>
