3346 5330
508 574 811 640 '-17-

119 753 182 812 belli
214 754 407 826 daemonibus,
441 755 491 814 sed
523 756 623 814 caedes
654 756 729 827 sola3
762 757 838 815 hanc
860 756 951 831 igitur
974 774 1078 832 augere
1102 759 1218 817 student
1240 759 1286 818 uel

119 843 251 916 proelium
273 843 439 918 ambignum
461 844 620 916 restituere,
643 846 676 903 nt
699 861 786 919 qnam
808 845 969 906 diutissime
994 851 1089 921 strage
1105 847 1285 907 delectentur.

118 932 153 990 llt
174 932 227 992 hoc
248 932 304 991 iem
326 933 444 992 Homeri
468 935 521 1005 est,
544 933 610 993 Eris
633 931 722 993 Δ443

413 1055 466 1119 καὶ
488 1055 555 1119 τότε
578 1062 681 1125 νεῖκος
704 1057 828 1140 ὁμοίιον
851 1057 978 1140 ἔμβαλε,

117 1184 256 1256 praeterea
279 1184 409 1242 conferas
433 1183 474 1242 sis
497 1179 537 1243 Ν
542 1187 604 1256 358,
628 1183 679 1244 ubi
701 1185 831 1261 Iuppiter
854 1187 882 1244 et
904 1185 1071 1261 Neptunus:

239 1305 366 1386 ἔριδος
388 1312 542 1388 κρατερῆς
565 1305 619 1369 καὶ
643 1306 794 1389 δμοιίου
817 1307 969 1390 πολέμοιο

238 1400 352 1486 πεῖραρ
375 1393 602 1468 ἐπαλλάξαντες
626 1396 679 1458 ἐπ’
705 1396 955 1478 ἀμφοτέροισι
978 1397 1177 1460 τάνυσσαν.

117 1521 210 1595 Neque
233 1522 340 1582 clamor
363 1522 465 1597 ingens
487 1523 537 1595 XI,
550 1526 601 1580 152
625 1521 733 1603 ἰάχησε
761 1521 790 1584 δ’
812 1520 917 1584 Ἐνυὼ
942 1521 1137 1605 σμερδαλέον
1160 1526 1196 1584 ab
1220 1525 1283 1584 Ho-

117 1611 179 1670 meri
201 1611 286 1670 Eride
310 1611 420 1694 alienus
444 1615 501 1672 est:
535 1609 592 1672 Ae
616 1611 693 1691 ῆυσε
724 1609 785 1674 θεὰ
816 1612 897 1693 μέγα
929 1635 961 1674 τε
994 1611 1096 1675 δεινόν
1112 1635 1157 1674 ,τε
1180 1611 1284 1693 ὄρθια.

117 1699 233 1759 Disertis
257 1701 351 1760 neruis
373 1696 507 1783 laetari¹)
532 1702 635 1761 dicitnr
656 1702 754 1762 multis
779 1703 881 1762 occisis
905 1703 1049 1774 XIII,425

538 1823 636 1906 λυγρὴ
662 1824 692 1886 δ’
718 1825 891 1906 ἕπετέρπετ’
913 1824 1018 1888 Ἐνυώ

324 1911 414 1996 δῆριν
437 1913 670 1987 ἒπικλονέουσα,
693 1915 862 1996 κασιγνήτη
887 1913 1059 1996 ΙΙολέμοιο,

116 2040 156 2098 vel
180 2057 252 2114 eqno
276 2039 372 2114 ligneo
395 2041 472 2100 intra
493 2057 590 2100 muros
613 2043 705 2101 tracto
729 2042 793 2114 XII,
804 2045 855 2098 437
875 2039 1039 2121 ἐγέλασσεν
1057 2037 1161 2101 Ἐνυώ

324 2163 499 2246 δερκομένη
523 2163 676 2247 πολέμοιο
699 2162 802 2227 κακὸν
824 2163 919 2236 τέλος,
954 2151 958 2160 “

115 2292 141 2350 et
160 2291 240 2362 VHI,
252 2294 305 2348 286
538 2291 587 2370 ἴση
613 2289 643 2352 δ’
660 2289 850 2371 ,ἐπετέρπετο
873 2289 980 2372 χάρμη

323 2377 462 2460 ἀζομένη
486 2379 596 2460 φρεσὶν
618 2375 671 2461 ᾖσι
699 2376 787 2442 Θέτιν
810 2379 864 2442 καὶ
888 2378 955 2442 δῖον
971 2377 1081 2460 Ἄρηα.

113 2503 204 2564 Etiam
225 2505 282 2564 hoc
304 2505 444 2565 Homerus
467 2505 549 2564 finxit
571 2502 660 2566 Aue:

317 2625 404 2709 Ἔρις
428 2626 457 2688 δ’
483 2628 531 2709 ἄρ’
561 2629 666 2710 ἔχαιρε
688 2627 882 2698 πολύστονος
904 2627 1091 2710 εἰσορόωσα.

113 2754 259 2814 Praeterea
282 2755 429 2813 numinum
451 2755 482 2813 in
506 2757 587 2815 scuto
610 2755 733 2816 Achillis
757 2756 899 2830 pictorum
925 2773 1074 2814 numerum
1101 2757 1180 2815 auxit
1202 2757 1282 2832 Enyo

114 2843 207 2902 addita
231 2840 280 2924 (V,
291 2842 347 2922 29),
372 2839 638 2927 sicucVerginusl)
652 2845 769 2905 Homeri
791 2845 976 2905 daemonibus
998 2845 1146 2904 Bellonam
1169 2845 1281 2906 adiecit.

112 2932 256 2992 Postremo
290 2932 429 3008 Troianus
462 2934 576 3008 qnidam
608 2935 818 2994 Penthesileam
850 2934 1030 3010 conspiciens
1058 2929 1095 3014 (Ι,
1106 2929 1171 3018 365)
1201 2937 1284 3010 putat

113 3039 170 3080 eam
193 3039 257 3081 esse
298 3019 471 3102 Ἀθηναίην
503 3023 522 3102 ἢ
555 3021 798 3104 καρτερόθυμον
816 3021 920 3086 Ἐνυώ
945 3024 964 3104 ῆ
990 3019 1088 3103 ’Ἐριδ
1121 3021 1284 3104 ῆκλείτην

114 3107 273 3190 Λητωίδα.
1052 3143 1054 3151 v

197 3202 236 3259 Ut
266 3201 368 3274 paucis
401 3201 581 3276 complectar,
616 3202 739 3273 Quintus
771 3202 845 3262 nihil
875 3203 953 3274 lecit,
977 3201 1036 3260 nisi
1059 3203 1135 3276 quod
1157 3203 1282 3274 Homeri,

114 3305 180 3362 qnae
203 3289 255 3348 uni
278 3289 409 3349 daemoni
430 3291 540 3362 tribuit,
565 3293 601 3350 ad
625 3293 720 3352 omnia
742 3291 811 3351 belli
833 3292 951 3350 numine
974 3291 1076 3350 detulit
1118 3292 1161 3350 ita
1184 3294 1216 3350 ut
1239 3311 1281 3376 ea,

113 3395 180 3451 quae
204 3379 329 3453 singulis
353 3380 538 3440 daemonibus
561 3381 678 3456 propria
700 3384 729 3440 et
751 3381 878 3456 insignia
901 3382 991 3452 erant,
1021 3397 1139 3454 prorsus
1164 3383 1282 3440 confun-

113 3467 188 3527 deret
218 3485 311 3542 neque
342 3468 395 3528 ulli
426 3469 556 3528 daemoni
589 3471 740 3545 quicquam
772 3488 790 3528 a
822 3471 923 3530 cetenis
955 3469 1128 3528 discriminis
1164 3470 1281 3530 inesset.

114 3555 192 3624 Quod
225 3559 321 3631 aperte
353 3559 507 3618 eTroiani
536 3560 629 3620 verbis
663 3561 761 3630 elucet,
795 3560 844 3634 qui
866 3559 1075 3618 Penthesileam
1103 3560 1282 3634 conspiciens

113 3645 144 3704 de
165 3646 303 3718 Minerva,
327 3647 417 3722 Enyo,
442 3648 535 3720 Eride,
562 3649 655 3708 Diana
678 3649 807 3708 dubitare
830 3649 942 3708 dicitnr.
991 3641 1148 3708 Consilium
1170 3651 1281 3724 poetae,

113 3751 165 3807 quo
188 3737 341 3795 daemones
364 3737 485 3808 induxit,
518 3739 611 3812 patet:
644 3739 739 3798 idonei
765 3738 897 3798 videlicet
920 3737 946 3796 ei
968 3738 1145 3809 uidebantur,
1179 3739 1282 3812 quibus

113 3824 316 3900 descriptiones
338 3843 452 3901 pugnae
476 3827 548 3886 satis
571 3827 708 3887 molestas
733 3829 761 3886 et
782 3827 870 3886 taedii
893 3827 993 3901 plenas
1016 3826 1121 3886 vividis
1140 3827 1282 3886 coloribus

112 3913 307 3988 interpolaret.

197 4005 293 4064 Pauca
315 4007 406 4064 restat
428 4007 460 4064 nt
483 4006 597 4064 addam:
623 4005 699 4080 apud
722 4006 923 4066 (lolluthum
945 4006 1020 4080 rapt.
1035 4004 1099 4064 Hel.
1115 4005 1160 4064 bis
1184 4007 1282 4081 Enyus

111 4093 214 4152 mentio
238 4094 283 4152 fit:
308 4094 338 4152 in
361 4112 386 4154 u.
405 4098 466 4155 142
482 4095 610 4155 Minerva
622 4096 752 4154 Paridem
765 4095 871 4155 bellum
895 4114 925 4154 se
948 4096 1095 4156 docturum
1117 4095 1280 4170 pollicetur:

314 4216 369 4300 ’μῆ
393 4218 469 4280 ποτέ
491 4241 540 4280 σοι
562 4218 740 4301 βαρύμηνις
763 4220 945 4302 ἐπιβρίσειεν
962 4217 1076 4292 Ἐνυώ,

113 4324 139 4380 et
160 4341 187 4382 τ.
205 4327 281 4386 151:
320 4323 487 4406 diutinoque
509 4323 704 4406 θνήσκουσιν
726 4325 962 4406 ὑποδρηστῆρες
980 4323 1121 4394 Ἐνυοῦς.

200 4551 220 4621 ¹)
241 4551 274 4606 cf.
293 4551 452 4606 Philostrat
472 4552 553 4624 imag.
572 4569 598 4622 p.
612 4553 664 4608 383
684 4555 764 4618 ἵπποι,
784 4553 858 4616 ὅπλα,
876 4551 977 4619 λύθρου
996 4551 1087 4621 πηλὸς,
1110 4553 1134 4621 ᾧ
1152 4577 1217 4624 φασι
1236 4556 1282 4627 τὴν

112 4618 193 4674 Ἐνυὼ
212 4623 319 4690 χαίρειν.

120 4715 124 4724 ·
200 4693 221 4764 ²)
241 4694 308 4748 Aen.
324 4693 459 4764 VIH,uoe.

1052 4785 1068 4838 2
