3346 5330
779 483 1071 550 .-5o--

460 667 593 724 Seneca
614 663 645 724 in
660 665 728 726 Oed.
746 665 932 726 5941111111
953 667 1156 724 commemorat
1169 665 1199 723 in
1215 665 1290 724 Orco
1303 665 1440 740 positum,
1465 683 1547 740 quem

373 754 401 812 in
424 755 541 815 Horat
557 757 620 815 693
645 755 806 829 composuit
828 773 892 814 cum
913 754 1022 813 Pavore
1045 754 1134 813 furvo.

459 843 623 904 Valerius
641 843 907 906 FlaccusPavori
920 843 1166 902 tautuminbcllo
1181 845 1280 920 parba
1293 843 1396 903 tribuit
1417 845 1448 906 in
1470 844 1491 903 l.
1506 845 1546 914 Π,

370 950 397 992 v.
414 934 492 1004 204,
525 933 574 1006 qui
606 933 643 992 ad
665 932 844 994 Iamniamm
876 931 990 991 modam
1022 932 1147 992 accurrit
1177 949 1242 992 cum
1268 933 1429 1005 Discordia,
1462 933 1547 1004 Dolo,

370 1022 467 1080 Rebie.
512 1021 607 1080 Etiam
631 1022 660 1080 in
683 1021 764 1092 LVI,
775 1025 828 1079 398
850 1021 942 1080 medio
966 1022 996 1078 in
1018 1022 1138 1095 proelio,
1165 1039 1228 1080 cum
1252 1023 1403 1082 Discordia
1426 1025 1549 1096 occupat

371 1129 469 1186 equos,
493 1110 581 1172 afficit
602 1113 635 1170 ut
658 1111 723 1184 oqui
744 1111 829 1170 inviti
852 1113 938 1183 atque
960 1111 1046 1169 inscii
1069 1111 1131 1170 suis
1154 1111 1264 1171 cladem
1287 1112 1421 1173 inferant.

461 1200 573 1260 Silius
596 1199 901 1272 1.V1,55sPavarem
923 1199 1040 1258 Famam
1066 1201 1210 1260 iurantom
1233 1201 1331 1275 lingit:
1356 1235 1401 1247 -
1423 1201 1550 1260 arment

371 1291 500 1350 habenas
522 1289 665 1350 luctidcua
688 1289 790 1350 Pavor.

460 1380 495 1438 In
517 1378 538 1440 l.
554 1379 605 1449 IV,
617 1381 669 1435 325
683 1377 831 1438 Hannibal
844 1377 947 1437 Martis
962 1377 1056 1440 instar
1068 1379 1099 1438 in
1112 1379 1253 1454 proelium
1274 1379 1428 1454 egreditur,
1453 1395 1550 1440 ascum

372 1485 475 1543 gerens
497 1469 614 1538 Motum,
639 1468 793 1538 Terrorem,
816 1467 960 1526 Furoram.

460 1557 545 1632 Apud
569 1557 720 1616 Statium
741 1556 779 1616 iia
802 1556 934 1632 partibus
957 1557 1088 1632 iungitur
1109 1558 1213 1629 Pavor,
1246 1557 1351 1632 quibus
1374 1554 1492 1636 Δεῖμος
1523 1559 1552 1616 et

377 1643 487 1726 Φόβος
509 1646 539 1706 in
562 1646 679 1706 Homeri
700 1641 799 1716 0119,
823 1647 876 1705 Fb.
892 1645 948 1716 111,
959 1649 1026 1704 425:

460 1736 554 1796 Pauor
576 1735 657 1796 frena
678 1735 826 1795 ministrat
849 1735 931 1808 equis
954 1735 1096 1810 Armiger.

460 1825 503 1886 Ex
525 1825 686 1884 imitatione
709 1825 830 1900 Vergilii
853 1823 883 1883 in
905 1825 940 1895 X,
951 1827 1004 1882 558
1027 1825 1121 1884 Pavor
1143 1827 1173 1884 et
1189 1825 1271 1899 Fuga
1293 1826 1428 1885 dicuntur
1450 1825 1552 1884 urbem

372 1915 502 1976 scindere
525 1913 667 1974 ffisaensu.

462 2004 654 2080 copiosiorem
676 2003 770 2062 reddit
791 2003 911 2062 Paroria
934 2003 1055 2078 figuram
1078 2003 1281 2075 1111111118,
1311 2003 1361 2062 ubi
1383 2003 1463 2062 Mars
1488 2021 1552 2062 eum

372 2088 419 2176 (ut
440 2111 528 2154 unum
551 2093 613 2152 dira
630 2093 664 2152 de
677 2091 760 2166 plebe
775 2092 923 2169 comitum)
935 2093 1109 2166 praemittit:
1133 2094 1303 2152 Innumerae
1316 2109 1411 2164 voces,
1435 2109 1552 2163 manus,

372 2184 461 2244 iacies
485 2183 510 2242 ei
534 2184 615 2255 sunt;
648 2182 741 2242 bonus
765 2184 866 2242 auctor
889 2183 985 2240 omnia
1007 2180 1092 2253 credi,
1123 2199 1221 2242 omnes
1248 2183 1323 2242 ielso
1346 2182 1448 2242 timore
1473 2197 1552 2242 com·

371 2273 441 2348 plot,
463 2271 619 2332 terribilem
641 2269 782 2330 ululatum
805 2271 919 2346 spargit
941 2288 966 2330 e.
982 2288 1009 2346 q.
1025 2287 1050 2330 a.
1086 2271 1153 2354 Non
1178 2271 1250 2330 alter
1269 2271 1389 2334 anhelos
1403 2271 1553 2332 insinuare

371 2363 466 2422 matus
489 2361 592 2436 aptior.
639 2361 713 2420 'l'ota
735 2360 811 2420 ictio
836 2360 975 2432 Statiaua,
1000 2361 1159 2435 compluria
1182 2378 1197 2420 e
1219 2361 1323 2420 Famae
1346 2360 1553 2436 occupatori-

371 2452 428 2512 bus
460 2451 572 2512 hausta
623 2447 756 2529 ,Μοὲιιειι
792 2467 855 2508 cum
877 2451 934 2522 Ira,
965 2451 1079 2519 Furore,
1103 2450 1227 2521 Virtute,
1251 2450 1360 2510 Ardere
1387 2450 1418 2508 in
1441 2449 1553 2509 Bacchi

373 2541 488 2600 Thebas
511 2538 654 2600 teransnri
675 2540 763 2598 turba
783 2541 962 2602 memoratur.

465 2629 681 2688 Claudianus
695 2622 738 2709 (in
747 2628 812 2687 itui.
823 2629 848 2700 Ι,
858 2623 924 2710 343)
933 2629 1053 2690 Martem
1067 2626 1172 2697 celeres
1185 2628 1333 2688 ministros
1348 2628 1553 2691 adhortantem

375 2719 458 2779 iacit:
486 2735 593 2798 „nexus
616 2719 742 2778 rotarum
764 2719 849 2778 tenda
869 2718 971 2788 Pavor,
995 2719 1087 2778 bonet
1108 2718 1226 2793 rapidos
1247 2717 1380 2778 Formido
1402 2716 1552 2792 iugales“,

375 2809 419 2868 ite
440 2810 473 2868 at
495 2807 611 2868 Deimos
635 2810 664 2866 et
686 2807 801 2866 Phobor
823 2807 918 2867 Pavor
941 2809 970 2866 et
991 2807 1123 2868 Formido
1147 2807 1215 2869 aiut.

465 2897 530 2958 Alio
553 2896 616 2956 loco
641 2890 744 2976 (XXII,
755 2891 821 2978 373)
845 2896 929 2956 aliter
951 2913 1010 2955 ram
1032 2896 1156 2956 venant
1183 2897 1214 2956 in
1237 2887 1426 2956 describendo
1446 2896 1552 2955 Martis

377 2987 533 3061 triumpho:
567 2985 688 3046 Bellona
720 3003 833 3046 currum
860 2985 1017 3060 praecedit3
1053 2986 1156 3064 „lictor
1177 2987 1272 3046 Metus
1295 3003 1359 3045 cum
1382 2986 1471 3048 fratre
1495 2986 1553 3044 Pa-

375 3073 473 3148 uore“,
506 3075 620 3134 terratis
653 3075 763 3134 catenis
795 3075 869 3134 colla
891 3075 1015 3134 barbara
1037 3074 1195 3146 innectunt,
1229 3074 1327 3149 galeas
1350 3075 1430 3134 lauro
1453 3075 1552 3146 velati,

324 3171 327 3178 '
376 3165 495 3241 propius
518 3164 630 3240 iugales
645 3164 776 3224 Formido
800 3165 950 3224 succincta
971 3164 1118 3238 ingentem
1138 3164 1234 3224 vibrat
1256 3164 1385 3223 securim.
1411 3164 1555 3239 Egregia

377 3255 454 3316 fictio
479 3257 509 3314 et
529 3255 615 3328 poeta
638 3253 815 3328 dignissima
860 3254 950 3312 Auxit
972 3255 1140 3314 daemonum
1162 3253 1230 3322 tela,
1259 3269 1323 3312 oum
1354 3253 1458 3312 tribuit
1481 3254 1553 3313 For·

377 3344 477 3404 midini
498 3343 609 3403 lictoris
632 3335 725 3402 instar
748 3343 877 3416 secumm,
901 3343 1032 3418 inprimis
1055 3344 1232 3402 Amazonum
1255 3345 1411 3417 gestamen.

466 3434 501 3492 In
524 3433 549 3505 1,
560 3435 594 3490 87
618 3431 713 3492 Metus
744 3432 889 3492 horribilis
920 3436 949 3492 et
972 3433 1101 3508 Impetus
1132 3431 1232 3492 famuli
1254 3431 1361 3496 Romae
1387 3429 1448 3491 fieti
1473 3433 1553 3502 sunt,

380 3523 460 3582 cuiue
484 3537 596 3582 currum
619 3521 758 3596 iungunt:

1071 3626 1181 3684 semper
1204 3611 1322 3686 agentes

538 3699 736 3776 proeliacum
758 3699 871 3759 fremitu
893 3701 1012 3759 Romam
1035 3700 1206 3760 comitantur
1228 3700 1340 3759 anhelo.

468 3880 552 3939 Hunc
575 3879 605 3937 in
628 3873 774 3957 modum¹)
798 3877 945 3954 effigiebus
969 3879 1062 3953 pressi
1090 3881 1159 3938 sunt
1180 3879 1286 3938 Itomae
1318 3877 1419 3940 famuli
1441 3876 1553 3948 Honos,

380 3971 491 4041 Virtus,
516 3968 653 4029 Victoria.

379 4058 657 4226 ιθ11888111111111111111111
680 4059 745 4120 ente
769 4074 865 4121 omues
890 4057 952 4119 sine
975 4058 1053 4119 certa
1075 4058 1197 4132 quadam
1219 4058 1329 4120 ratione
1356 4057 1484 4137 pinxisse
1509 4056 1554 4115 in·

379 4261 594 4271 —————

470 4322 491 4393 ¹)
510 4337 536 4379 v.
550 4319 684 4389 Purgold:
707 4318 849 4376 Arcbasol'.
864 4319 988 4374 Bemarlr.
1008 4334 1043 4374 au
1061 4319 1194 4374 Claudiam
1212 4335 1239 4374 n.
1254 4319 1343 4392 Apoll.
1358 4317 1414 4374 sid.
1427 4335 1453 4388 p.
1469 4314 1504 4372 30
1514 4334 1554 4384 sq.

860 4553 1074 4566 ..ιι-,ψ-
