<?xml version="1.0" encoding="UTF-8"?>
<!DOCTYPE html PUBLIC "-//W3C//DTD XHTML 1.0 Transitional//EN"
    "http://www.w3.org/TR/xhtml1/DTD/xhtml1-transitional.dtd">
<html xmlns="http://www.w3.org/1999/xhtml" xml:lang="en" lang="en">
 <head>
  <title>
</title>
<meta http-equiv="Content-Type" content="text/html;charset=utf-8" />
  <meta name='ocr-system' content='tesseract 3.04.00' />
  <meta name='ocr-capabilities' content='ocr_page ocr_carea ocr_par ocr_line ocrx_word'/>
</head>
<body>
  <div class='ocr_page' id='page_1' title='image "./debellidaemonib00berggoog_0057.png"; bbox 0 0 3346 5330; ppageno 0'>
   <div class='ocr_carea' id='block_1_1' title="bbox 839 527 1062 590">
    <p class='ocr_par' dir='ltr' id='par_1_1' title="bbox 839 527 1062 590">
     <span class='ocr_line' id='line_1_1' title="bbox 839 527 1062 590; baseline -0.009 -18"><span class='ocrx_word' id='word_1_1' title='bbox 839 527 1062 590; x_wconf 74' lang='lat'>..52-</span> 
     </span>
    </p>
   </div>
   <div class='ocr_carea' id='block_1_2' title="bbox 364 705 1538 871">
    <p class='ocr_par' dir='ltr' id='par_1_2' title="bbox 364 705 1538 871">
     <span class='ocr_line' id='line_1_2' title="bbox 451 705 1536 783; baseline 0.003 -19"><span class='ocrx_word' id='word_1_2' title='bbox 451 705 566 764; x_wconf 85' lang='lat' dir='ltr'><strong>induxit</strong></span> <span class='ocrx_word' id='word_1_3' title='bbox 588 705 704 764; x_wconf 81' lang='lat' dir='ltr'><strong>Famam</strong></span> <span class='ocrx_word' id='word_1_4' title='bbox 727 706 757 765; x_wconf 94' lang='lat' dir='ltr'><strong>in</strong></span> <span class='ocrx_word' id='word_1_5' title='bbox 779 706 881 780; x_wconf 78' lang='lat' dir='ltr'><strong>poesin</strong></span> <span class='ocrx_word' id='word_1_6' title='bbox 903 708 1061 766; x_wconf 78' lang='lat' dir='ltr'>Romanam</span> <span class='ocrx_word' id='word_1_7' title='bbox 1084 709 1224 782; x_wconf 90' lang='lat' dir='ltr'><strong>qnantum</strong></span> <span class='ocrx_word' id='word_1_8' title='bbox 1247 708 1315 768; x_wconf 88' lang='lat' dir='ltr'><strong>sciri</strong></span> <span class='ocrx_word' id='word_1_9' title='bbox 1338 710 1434 783; x_wconf 87' lang='lat' dir='ltr'><strong>potest</strong></span> <span class='ocrx_word' id='word_1_10' title='bbox 1457 709 1536 769; x_wconf 88' lang='lat' dir='ltr'><strong>Ver-</strong></span> 
     </span>
     <span class='ocr_line' id='line_1_3' title="bbox 364 794 1538 871; baseline 0.003 -18"><span class='ocrx_word' id='word_1_11' title='bbox 364 794 476 870; x_wconf 91' lang='lat' dir='ltr'><strong>gilius</strong></span> <span class='ocrx_word' id='word_1_12' title='bbox 500 795 582 869; x_wconf 88' lang='lat' dir='ltr'><strong>isque</strong></span> <span class='ocrx_word' id='word_1_13' title='bbox 605 796 656 866; x_wconf 86' lang='lat' dir='ltr'><strong>ita,</strong></span> <span class='ocrx_word' id='word_1_14' title='bbox 679 797 713 854; x_wconf 90' lang='lat' dir='ltr'><strong>ut</strong></span> <span class='ocrx_word' id='word_1_15' title='bbox 735 795 796 855; x_wconf 90' lang='lat' dir='ltr'><strong>eins</strong></span> <span class='ocrx_word' id='word_1_16' title='bbox 819 795 961 855; x_wconf 89' lang='lat' dir='ltr'><strong>fictionem</strong></span> <span class='ocrx_word' id='word_1_17' title='bbox 981 813 1079 855; x_wconf 90' lang='lat' dir='ltr'><strong>omnes</strong></span> <span class='ocrx_word' id='word_1_18' title='bbox 1102 797 1159 855; x_wconf 86' lang='lat' dir='ltr'><strong>fere</strong></span> <span class='ocrx_word' id='word_1_19' title='bbox 1172 797 1345 871; x_wconf 78' lang='lat' dir='ltr'>posteriores</span> <span class='ocrx_word' id='word_1_20' title='bbox 1360 798 1450 857; x_wconf 90' lang='lat' dir='ltr'><strong>secuti</strong></span> <span class='ocrx_word' id='word_1_21' title='bbox 1470 799 1538 857; x_wconf 90' lang='lat' dir='ltr'><strong>sint.</strong></span> 
     </span>
    </p>
   </div>
   <div class='ocr_carea' id='block_1_3' title="bbox 249 885 1257 976">
    <p class='ocr_par' dir='ltr' id='par_1_3' title="bbox 249 885 1257 976">
     <span class='ocr_line' id='line_1_4' title="bbox 249 885 1257 976; baseline 0.004 -35"><span class='ocrx_word' id='word_1_22' title='bbox 249 954 251 958; x_wconf 23' lang='grc' dir='ltr'>Ι</span> <span class='ocrx_word' id='word_1_23' title='bbox 364 886 398 942; x_wconf 90' lang='lat' dir='ltr'><strong>In</strong></span> <span class='ocrx_word' id='word_1_24' title='bbox 421 885 491 944; x_wconf 88' lang='lat' dir='ltr'><strong>Aen.</strong></span> <span class='ocrx_word' id='word_1_25' title='bbox 506 885 524 946; x_wconf 94' lang='lat' dir='ltr'><strong>l.</strong></span> <span class='ocrx_word' id='word_1_26' title='bbox 541 885 591 956; x_wconf 92' lang='lat' dir='ltr'><strong>IV,</strong></span> <span class='ocrx_word' id='word_1_27' title='bbox 616 888 722 945; x_wconf 79' lang='lat' dir='ltr'><strong>v.173</strong></span> <span class='ocrx_word' id='word_1_28' title='bbox 747 886 818 944; x_wconf 88' lang='lat' dir='ltr'><strong>haec</strong></span> <span class='ocrx_word' id='word_1_29' title='bbox 842 903 950 944; x_wconf 89' lang='lat' dir='ltr'><strong>summa</strong></span> <span class='ocrx_word' id='word_1_30' title='bbox 974 887 1018 944; x_wconf 92' lang='lat' dir='ltr'><strong>est</strong></span> <span class='ocrx_word' id='word_1_31' title='bbox 1041 886 1257 976; x_wconf 89' lang='lat' dir='ltr'><strong>descriptionis:</strong></span> 
     </span>
    </p>
   </div>
   <div class='ocr_carea' id='block_1_4' title="bbox 468 1037 1541 1226">
    <p class='ocr_par' dir='ltr' id='par_1_4' title="bbox 468 1037 1541 1226">
     <span class='ocr_line' id='line_1_5' title="bbox 468 1037 1541 1140; baseline 0.003 -19"><span class='ocrx_word' id='word_1_32' title='bbox 468 1064 492 1124; x_wconf 94' lang='grc' dir='ltr'><strong>Ι,</strong></span> <span class='ocrx_word' id='word_1_33' title='bbox 527 1063 628 1138; x_wconf 85' lang='lat' dir='ltr'>Origo:</span> <span class='ocrx_word' id='word_1_34' title='bbox 667 1065 753 1122; x_wconf 90' lang='lat' dir='ltr'><strong>Terra</strong></span> <span class='ocrx_word' id='word_1_35' title='bbox 789 1064 832 1122; x_wconf 92' lang='lat' dir='ltr'><strong>ira</strong></span> <span class='ocrx_word' id='word_1_36' title='bbox 868 1065 982 1124; x_wconf 92' lang='lat' dir='ltr'><strong>deorum</strong></span> <span class='ocrx_word' id='word_1_37' title='bbox 1018 1065 1140 1124; x_wconf 88' lang='lat' dir='ltr'><strong>incitata</strong></span> <span class='ocrx_word' id='word_1_38' title='bbox 1175 1083 1236 1124; x_wconf 89' lang='lat' dir='ltr'><strong>eam</strong></span> <span class='ocrx_word' id='word_1_39' title='bbox 1269 1065 1376 1140; x_wconf 91' lang='lat' dir='ltr'><strong>gennit,</strong></span> <span class='ocrx_word' id='word_1_40' title='bbox 1415 1037 1541 1125; x_wconf 72' lang='lat' dir='ltr'><strong>sororem</strong></span> 
     </span>
     <span class='ocr_line' id='line_1_6' title="bbox 526 1153 689 1226; baseline 0.012 -16"><span class='ocrx_word' id='word_1_41' title='bbox 526 1153 689 1226; x_wconf 73' lang='lat' dir='ltr'><strong>Gigantum.</strong></span> 
     </span>
    </p>
   </div>
   <div class='ocr_carea' id='block_1_5' title="bbox 454 1295 656 1370">
    <p class='ocr_par' dir='ltr' id='par_1_5' title="bbox 454 1295 656 1370">
     <span class='ocr_line' id='line_1_7' title="bbox 454 1295 656 1370; baseline 0.005 -17"><span class='ocrx_word' id='word_1_42' title='bbox 454 1297 493 1355; x_wconf 93' lang='lat' dir='ltr'><strong>II.</strong></span> <span class='ocrx_word' id='word_1_43' title='bbox 529 1295 656 1370; x_wconf 82' lang='lat' dir='ltr'><strong>Species:</strong></span> 
     </span>
    </p>
   </div>
   <div class='ocr_carea' id='block_1_6' title="bbox 572 1416 1545 1682">
    <p class='ocr_par' dir='ltr' id='par_1_6' title="bbox 572 1416 1545 1682">
     <span class='ocr_line' id='line_1_8' title="bbox 572 1416 1545 1504; baseline 0.004 -24"><span class='ocrx_word' id='word_1_44' title='bbox 572 1416 601 1504; x_wconf 86' lang='lat' dir='ltr'><strong>a)</strong></span> <span class='ocrx_word' id='word_1_45' title='bbox 633 1421 793 1481; x_wconf 74' lang='lat' dir='ltr'><strong>mobilitate</strong></span> <span class='ocrx_word' id='word_1_46' title='bbox 816 1423 895 1498; x_wconf 86' lang='lat' dir='ltr'><strong>viget</strong></span> <span class='ocrx_word' id='word_1_47' title='bbox 917 1423 1048 1496; x_wconf 78' lang='lat' dir='ltr'><strong>viresqne</strong></span> <span class='ocrx_word' id='word_1_48' title='bbox 1071 1423 1196 1496; x_wconf 81' lang='lat' dir='ltr'><strong>adquirit</strong></span> <span class='ocrx_word' id='word_1_49' title='bbox 1219 1424 1320 1482; x_wconf 91' lang='lat' dir='ltr'><strong>eundo.</strong></span> <span class='ocrx_word' id='word_1_50' title='bbox 1358 1423 1545 1484; x_wconf 83' lang='lat' dir='ltr'><strong>Parrametn</strong></span> 
     </span>
     <span class='ocr_line' id='line_1_9' title="bbox 633 1511 1544 1588; baseline 0.003 -18"><span class='ocrx_word' id='word_1_51' title='bbox 633 1511 724 1585; x_wconf 90' lang='lat' dir='ltr'><strong>pn&#39;mo</strong></span> <span class='ocrx_word' id='word_1_52' title='bbox 757 1527 822 1570; x_wconf 84' lang='lat' dir='ltr'><strong>mox</strong></span> <span class='ocrx_word' id='word_1_53' title='bbox 855 1529 917 1572; x_wconf 90' lang='lat' dir='ltr'><strong>sese</strong></span> <span class='ocrx_word' id='word_1_54' title='bbox 940 1511 1049 1572; x_wconf 86' lang='lat' dir='ltr'><strong>attollit</strong></span> <span class='ocrx_word' id='word_1_55' title='bbox 1071 1512 1101 1570; x_wconf 93' lang='lat' dir='ltr'><strong>in</strong></span> <span class='ocrx_word' id='word_1_56' title='bbox 1125 1530 1208 1572; x_wconf 88' lang='lat' dir='ltr'><strong>auras</strong></span> <span class='ocrx_word' id='word_1_57' title='bbox 1232 1513 1445 1588; x_wconf 75' lang='lat' dir='ltr'><strong>ingrediturque</strong></span> <span class='ocrx_word' id='word_1_58' title='bbox 1469 1514 1544 1586; x_wconf 91' lang='lat' dir='ltr'><strong>solo,</strong></span> 
     </span>
     <span class='ocr_line' id='line_1_10' title="bbox 634 1595 1099 1682; baseline 0 -23"><span class='ocrx_word' id='word_1_59' title='bbox 634 1602 719 1674; x_wconf 90' lang='lat' dir='ltr'><strong>capnt</strong></span> <span class='ocrx_word' id='word_1_60' title='bbox 741 1600 817 1659; x_wconf 91' lang='lat' dir='ltr'><strong>inter</strong></span> <span class='ocrx_word' id='word_1_61' title='bbox 839 1601 940 1660; x_wconf 87' lang='lat' dir='ltr'><strong>nubila</strong></span> <span class='ocrx_word' id='word_1_62' title='bbox 963 1595 1099 1682; x_wconf 82' lang='lat' dir='ltr'><strong>condit‚¹)</strong></span> 
     </span>
    </p>
   </div>
   <div class='ocr_carea' id='block_1_7' title="bbox 521 1701 1499 1895">
    <p class='ocr_par' dir='ltr' id='par_1_7' title="bbox 521 1701 1499 1895">
     <span class='ocr_line' id='line_1_11' title="bbox 568 1701 859 1789; baseline 0.003 -23"><span class='ocrx_word' id='word_1_63' title='bbox 568 1701 600 1789; x_wconf 82' lang='lat' dir='ltr'><strong>b)</strong></span> <span class='ocrx_word' id='word_1_64' title='bbox 633 1707 763 1780; x_wconf 90' lang='lat' dir='ltr'><strong>pernices</strong></span> <span class='ocrx_word' id='word_1_65' title='bbox 787 1707 859 1779; x_wconf 89' lang='lat' dir='ltr'><strong>alae,</strong></span> 
     </span>
     <span class='ocr_line' id='line_1_12' title="bbox 521 1809 1499 1895; baseline 0.004 -23"><span class='ocrx_word' id='word_1_66' title='bbox 521 1885 524 1890; x_wconf 18' lang='grc' dir='ltr'>Ι</span> <span class='ocrx_word' id='word_1_67' title='bbox 572 1809 599 1895; x_wconf 89' lang='lat' dir='ltr'><strong>c)</strong></span> <span class='ocrx_word' id='word_1_68' title='bbox 633 1816 701 1890; x_wconf 89' lang='lat' dir='ltr'><strong>quot</strong></span> <span class='ocrx_word' id='word_1_69' title='bbox 723 1815 844 1890; x_wconf 91' lang='lat' dir='ltr'><strong>plumae,</strong></span> <span class='ocrx_word' id='word_1_70' title='bbox 869 1815 913 1874; x_wconf 91' lang='lat' dir='ltr'><strong>tot</strong></span> <span class='ocrx_word' id='word_1_71' title='bbox 935 1814 1038 1889; x_wconf 85' lang='lat' dir='ltr'><strong>vigiles</strong></span> <span class='ocrx_word' id='word_1_72' title='bbox 1063 1814 1146 1887; x_wconf 92' lang='lat' dir='ltr'><strong>oculi,</strong></span> <span class='ocrx_word' id='word_1_73' title='bbox 1170 1815 1296 1890; x_wconf 75' lang='lat' dir='ltr'><strong>linguae,</strong></span> <span class='ocrx_word' id='word_1_74' title='bbox 1321 1833 1378 1888; x_wconf 90' lang='lat' dir='ltr'><strong>ora,</strong></span> <span class='ocrx_word' id='word_1_75' title='bbox 1403 1834 1499 1876; x_wconf 90' lang='lat' dir='ltr'><strong>aures.</strong></span> 
     </span>
    </p>
   </div>
   <div class='ocr_carea' id='block_1_8' title="bbox 439 1957 642 2019">
    <p class='ocr_par' dir='ltr' id='par_1_8' title="bbox 439 1957 642 2019">
     <span class='ocr_line' id='line_1_13' title="bbox 439 1957 642 2019; baseline 0.01 -5"><span class='ocrx_word' id='word_1_76' title='bbox 439 1958 494 2019; x_wconf 94' lang='lat' dir='ltr'><strong>III.</strong></span> <span class='ocrx_word' id='word_1_77' title='bbox 529 1957 642 2016; x_wconf 88' lang='lat' dir='ltr'><strong>Partes:</strong></span> 
     </span>
    </p>
   </div>
   <div class='ocr_carea' id='block_1_9' title="bbox 569 2077 1090 2272">
    <p class='ocr_par' dir='ltr' id='par_1_9' title="bbox 569 2077 1090 2272">
     <span class='ocr_line' id='line_1_14' title="bbox 571 2077 974 2164; baseline 0.002 -23"><span class='ocrx_word' id='word_1_78' title='bbox 571 2077 600 2164; x_wconf 87' lang='lat' dir='ltr'><strong>a)</strong></span> <span class='ocrx_word' id='word_1_79' title='bbox 633 2083 716 2142; x_wconf 92' lang='lat' dir='ltr'><strong>nocte</strong></span> <span class='ocrx_word' id='word_1_80' title='bbox 739 2083 818 2142; x_wconf 80' lang='lat' dir='ltr'><strong>volat</strong></span> <span class='ocrx_word' id='word_1_81' title='bbox 840 2083 974 2156; x_wconf 88' lang='lat' dir='ltr'><strong>stridens,</strong></span> 
     </span>
     <span class='ocr_line' id='line_1_15' title="bbox 569 2185 1090 2272; baseline 0.002 -23"><span class='ocrx_word' id='word_1_82' title='bbox 569 2185 601 2272; x_wconf 83' lang='lat' dir='ltr'><strong>b)</strong></span> <span class='ocrx_word' id='word_1_83' title='bbox 633 2191 697 2250; x_wconf 89' lang='lat' dir='ltr'><strong>lnce</strong></span> <span class='ocrx_word' id='word_1_84' title='bbox 721 2191 800 2250; x_wconf 88' lang='lat' dir='ltr'><strong>sedet</strong></span> <span class='ocrx_word' id='word_1_85' title='bbox 823 2192 920 2250; x_wconf 87' lang='lat' dir='ltr'><strong>custos</strong></span> <span class='ocrx_word' id='word_1_86' title='bbox 943 2191 974 2251; x_wconf 93' lang='lat' dir='ltr'><strong>in</strong></span> <span class='ocrx_word' id='word_1_87' title='bbox 997 2192 1090 2263; x_wconf 90' lang='lat' dir='ltr'><strong>tectis,</strong></span> 
     </span>
    </p>
   </div>
   <div class='ocr_carea' id='block_1_10' title="bbox 572 2297 1432 2462">
    <p class='ocr_par' dir='ltr' id='par_1_10' title="bbox 572 2297 1432 2462">
     <span class='ocr_line' id='line_1_16' title="bbox 572 2297 1375 2379; baseline 0.005 -24"><span class='ocrx_word' id='word_1_88' title='bbox 572 2299 599 2379; x_wconf 81' lang='grc' dir='ltr'><strong>ο)</strong></span> <span class='ocrx_word' id='word_1_89' title='bbox 631 2299 691 2356; x_wconf 84' lang='lat' dir='ltr'><strong>torn</strong></span> <span class='ocrx_word' id='word_1_90' title='bbox 714 2297 774 2356; x_wconf 89' lang='lat' dir='ltr'><strong>ficti</strong></span> <span class='ocrx_word' id='word_1_91' title='bbox 796 2297 932 2372; x_wconf 82' lang='lat' dir='ltr'><strong>pravique</strong></span> <span class='ocrx_word' id='word_1_92' title='bbox 955 2300 1049 2370; x_wconf 83' lang='lat' dir='ltr'><strong>tenax,</strong></span> <span class='ocrx_word' id='word_1_93' title='bbox 1075 2316 1160 2374; x_wconf 87' lang='lat' dir='ltr'><strong>qnam</strong></span> <span class='ocrx_word' id='word_1_94' title='bbox 1183 2300 1286 2359; x_wconf 86' lang='lat' dir='ltr'><strong>nuntia</strong></span> <span class='ocrx_word' id='word_1_95' title='bbox 1307 2299 1375 2360; x_wconf 87' lang='lat' dir='ltr'><strong>veri.</strong></span> 
     </span>
     <span class='ocr_line' id='line_1_17' title="bbox 632 2387 1432 2462; baseline 0.004 -17"><span class='ocrx_word' id='word_1_96' title='bbox 632 2387 759 2460; x_wconf 89' lang='lat' dir='ltr'><strong>gaudens</strong></span> <span class='ocrx_word' id='word_1_97' title='bbox 783 2389 811 2446; x_wconf 90' lang='lat' dir='ltr'><strong>et</strong></span> <span class='ocrx_word' id='word_1_98' title='bbox 833 2387 941 2462; x_wconf 88' lang='lat' dir='ltr'><strong>pariter</strong></span> <span class='ocrx_word' id='word_1_99' title='bbox 963 2389 1040 2447; x_wconf 86' lang='lat' dir='ltr'><strong>facta</strong></span> <span class='ocrx_word' id='word_1_100' title='bbox 1063 2390 1149 2462; x_wconf 89' lang='lat' dir='ltr'><strong>atque</strong></span> <span class='ocrx_word' id='word_1_101' title='bbox 1172 2389 1280 2448; x_wconf 84' lang='lat' dir='ltr'><strong>infecta</strong></span> <span class='ocrx_word' id='word_1_102' title='bbox 1302 2391 1432 2450; x_wconf 88' lang='lat' dir='ltr'><strong>canebat.</strong></span> 
     </span>
    </p>
   </div>
   <div class='ocr_carea' id='block_1_11' title="bbox 368 2565 1567 4244">
    <p class='ocr_par' dir='ltr' id='par_1_11' title="bbox 368 2565 1567 4244">
     <span class='ocr_line' id='line_1_18' title="bbox 457 2565 1547 2643; baseline 0.006 -21"><span class='ocrx_word' id='word_1_103' title='bbox 457 2565 558 2623; x_wconf 80' lang='lat' dir='ltr'><strong>Totam</strong></span> <span class='ocrx_word' id='word_1_104' title='bbox 591 2565 808 2634; x_wconf 87' lang='lat' dir='ltr'><strong>enarrationem,</strong></span> <span class='ocrx_word' id='word_1_105' title='bbox 842 2566 897 2624; x_wconf 86' lang='lat' dir='ltr'><strong>etsi</strong></span> <span class='ocrx_word' id='word_1_106' title='bbox 928 2583 1046 2640; x_wconf 90' lang='lat' dir='ltr'><strong>prorsus</strong></span> <span class='ocrx_word' id='word_1_107' title='bbox 1080 2568 1171 2642; x_wconf 84' lang='lat' dir='ltr'><strong>spirat</strong></span> <span class='ocrx_word' id='word_1_108' title='bbox 1193 2568 1312 2643; x_wconf 86' lang='lat' dir='ltr'><strong>Vergilii</strong></span> <span class='ocrx_word' id='word_1_109' title='bbox 1344 2569 1478 2642; x_wconf 87' lang='lat' dir='ltr'><strong>indolem,</strong></span> <span class='ocrx_word' id='word_1_110' title='bbox 1514 2587 1547 2630; x_wconf 83' lang='lat' dir='ltr'><strong>ex</strong></span> 
     </span>
     <span class='ocr_line' id='line_1_19' title="bbox 368 2654 1545 2730; baseline 0.004 -18"><span class='ocrx_word' id='word_1_111' title='bbox 368 2654 488 2713; x_wconf 88' lang='lat' dir='ltr'><strong>aliomm</strong></span> <span class='ocrx_word' id='word_1_112' title='bbox 511 2656 606 2713; x_wconf 90' lang='lat' dir='ltr'><strong>tamen</strong></span> <span class='ocrx_word' id='word_1_113' title='bbox 629 2655 793 2714; x_wconf 88' lang='lat' dir='ltr'><strong>fictionibus</strong></span> <span class='ocrx_word' id='word_1_114' title='bbox 817 2673 851 2714; x_wconf 85' lang='lat' dir='ltr'><strong>ex</strong></span> <span class='ocrx_word' id='word_1_115' title='bbox 872 2657 954 2730; x_wconf 88' lang='lat' dir='ltr'><strong>parte</strong></span> <span class='ocrx_word' id='word_1_116' title='bbox 978 2657 1165 2730; x_wconf 79' lang='lat' dir='ltr'><strong>compositam</strong></span> <span class='ocrx_word' id='word_1_117' title='bbox 1188 2675 1251 2716; x_wconf 90' lang='lat' dir='ltr'><strong>esse</strong></span> <span class='ocrx_word' id='word_1_118' title='bbox 1274 2675 1325 2730; x_wconf 91' lang='lat' dir='ltr'><strong>per</strong></span> <span class='ocrx_word' id='word_1_119' title='bbox 1346 2675 1376 2716; x_wconf 90' lang='lat' dir='ltr'><strong>se</strong></span> <span class='ocrx_word' id='word_1_120' title='bbox 1390 2659 1545 2718; x_wconf 85' lang='lat' dir='ltr'><strong>verisimile</strong></span> 
     </span>
     <span class='ocr_line' id='line_1_20' title="bbox 369 2739 1546 2826; baseline 0.005 -24"><span class='ocrx_word' id='word_1_121' title='bbox 369 2745 422 2802; x_wconf 88' lang='lat' dir='ltr'><strong>est.</strong></span> <span class='ocrx_word' id='word_1_122' title='bbox 469 2746 512 2803; x_wconf 88' lang='lat' dir='ltr'><strong>Ao</strong></span> <span class='ocrx_word' id='word_1_123' title='bbox 535 2739 689 2826; x_wconf 77' lang='lat' dir='ltr'><strong>Corssen²)</strong></span> <span class='ocrx_word' id='word_1_124' title='bbox 723 2745 840 2820; x_wconf 85' lang='lat' dir='ltr'><strong>quidem¹</strong></span> <span class='ocrx_word' id='word_1_125' title='bbox 867 2745 944 2804; x_wconf 89' lang='lat' dir='ltr'><strong>haud</strong></span> <span class='ocrx_word' id='word_1_126' title='bbox 975 2745 1070 2820; x_wconf 91' lang='lat' dir='ltr'><strong>inepte</strong></span> <span class='ocrx_word' id='word_1_127' title='bbox 1100 2746 1182 2805; x_wconf 84' lang='lat' dir='ltr'><strong>affert</strong></span> <span class='ocrx_word' id='word_1_128' title='bbox 1204 2747 1337 2820; x_wconf 88' lang='lat' dir='ltr'><strong>Apollod.</strong></span> <span class='ocrx_word' id='word_1_129' title='bbox 1353 2748 1376 2818; x_wconf 93' lang='lat' dir='ltr'><strong>I,</strong></span> <span class='ocrx_word' id='word_1_130' title='bbox 1394 2753 1423 2818; x_wconf 84' lang='lat'><strong>6,</strong></span> <span class='ocrx_word' id='word_1_131' title='bbox 1434 2751 1462 2820; x_wconf 88' lang='lat'><strong>3,</strong></span> <span class='ocrx_word' id='word_1_132' title='bbox 1495 2749 1546 2808; x_wconf 91' lang='lat' dir='ltr'><strong>ubi</strong></span> 
     </span>
     <span class='ocr_line' id='line_1_21' title="bbox 369 2831 1544 2915; baseline 0.005 -24"><span class='ocrx_word' id='word_1_133' title='bbox 369 2834 490 2907; x_wconf 81' lang='lat' dir='ltr'><strong>Typhon</strong></span> <span class='ocrx_word' id='word_1_134' title='bbox 513 2833 633 2892; x_wconf 84' lang='lat' dir='ltr'><strong>similem</strong></span> <span class='ocrx_word' id='word_1_135' title='bbox 657 2834 686 2892; x_wconf 91' lang='lat' dir='ltr'><strong>in</strong></span> <span class='ocrx_word' id='word_1_136' title='bbox 709 2835 824 2893; x_wconf 94' lang='lat' dir='ltr'><strong>modum</strong></span> <span class='ocrx_word' id='word_1_137' title='bbox 847 2834 1030 2894; x_wconf 85' lang='lat' dir='ltr'><strong>describitur:</strong></span> <span class='ocrx_word' id='word_1_138' title='bbox 1063 2831 1113 2914; x_wconf 87' lang='grc' dir='ltr'><strong>Γῆ</strong></span> <span class='ocrx_word' id='word_1_139' title='bbox 1144 2832 1265 2914; x_wconf 79' lang='grc' dir='ltr'><em>μᾶλλον</em></span> <span class='ocrx_word' id='word_1_140' title='bbox 1288 2833 1544 2915; x_wconf 72' lang='grc' dir='ltr'><em>χολωθεῖσα...</em></span> 
     </span>
     <span class='ocr_line' id='line_1_22' title="bbox 370 2919 1545 3006; baseline 0.005 -24"><span class='ocrx_word' id='word_1_141' title='bbox 370 2927 462 3001; x_wconf 83' lang='grc' dir='ltr'><em>γεννᾷ</em></span> <span class='ocrx_word' id='word_1_142' title='bbox 488 2919 628 3002; x_wconf 81' lang='grc' dir='ltr'><em>Τυφῶνα</em></span> <span class='ocrx_word' id='word_1_143' title='bbox 645 2967 651 2982; x_wconf 92' lang='grc'>.</span> <span class='ocrx_word' id='word_1_144' title='bbox 670 2969 675 2980; x_wconf 97' lang='grc'>.</span> <span class='ocrx_word' id='word_1_145' title='bbox 693 2923 910 3003; x_wconf 80' lang='grc' dir='ltr'><em>,μεμιγμένην</em></span> <span class='ocrx_word' id='word_1_146' title='bbox 939 2922 1051 3004; x_wconf 83' lang='grc' dir='ltr'><em>ἔχοντα</em></span> <span class='ocrx_word' id='word_1_147' title='bbox 1079 2922 1175 3004; x_wconf 81' lang='grc' dir='ltr'><em>φύσιν</em></span> <span class='ocrx_word' id='word_1_148' title='bbox 1203 2921 1320 3004; x_wconf 82' lang='grc' dir='ltr'><em>ἀνδρὸς</em></span> <span class='ocrx_word' id='word_1_149' title='bbox 1347 2923 1402 2986; x_wconf 84' lang='grc' dir='ltr'><strong>καὶ</strong></span> <span class='ocrx_word' id='word_1_150' title='bbox 1424 2923 1545 3006; x_wconf 73' lang='grc' dir='ltr'><em>θηρίον</em></span> 
     </span>
     <span class='ocr_line' id='line_1_23' title="bbox 371 3008 1546 3096; baseline 0.005 -26"><span class='ocrx_word' id='word_1_151' title='bbox 371 3057 401 3072; x_wconf 92' lang='grc'><strong>..</strong></span> <span class='ocrx_word' id='word_1_152' title='bbox 419 3010 460 3090; x_wconf 80' lang='grc' dir='ltr'><strong>,ἡ</strong></span> <span class='ocrx_word' id='word_1_153' title='bbox 486 3008 520 3072; x_wconf 80' lang='grc' dir='ltr'><strong>δὲ</strong></span> <span class='ocrx_word' id='word_1_154' title='bbox 542 3008 665 3091; x_wconf 81' lang='grc' dir='ltr'><strong><em>κεφαλὴ</em></strong></span> <span class='ocrx_word' id='word_1_155' title='bbox 689 3009 840 3080; x_wconf 80' lang='grc' dir='ltr'><em>πολλάκις</em></span> <span class='ocrx_word' id='word_1_156' title='bbox 861 3015 926 3074; x_wconf 83' lang='grc' dir='ltr'><strong>τῶν</strong></span> <span class='ocrx_word' id='word_1_157' title='bbox 950 3011 1074 3091; x_wconf 84' lang='grc' dir='ltr'><strong><em>ἄστρων</em></strong></span> <span class='ocrx_word' id='word_1_158' title='bbox 1089 3013 1190 3092; x_wconf 78' lang='grc' dir='ltr'><em>ἔψαυε</em></span> <span class='ocrx_word' id='word_1_159' title='bbox 1206 3059 1212 3073; x_wconf 94' lang='grc'><strong>.</strong></span> <span class='ocrx_word' id='word_1_160' title='bbox 1230 3061 1236 3073; x_wconf 94' lang='grc'><strong>.</strong></span> <span class='ocrx_word' id='word_1_161' title='bbox 1254 3011 1388 3075; x_wconf 80' lang='grc' dir='ltr'><strong>,ἑκατὸν</strong></span> <span class='ocrx_word' id='word_1_162' title='bbox 1406 3014 1546 3096; x_wconf 79' lang='grc' dir='ltr'><strong><em>κεφαλαὶ</em></strong></span> 
     </span>
     <span class='ocr_line' id='line_1_24' title="bbox 370 3097 1546 3183; baseline 0.004 -23"><span class='ocrx_word' id='word_1_163' title='bbox 370 3098 558 3180; x_wconf 81' lang='grc' dir='ltr'><em>δρακόντων</em></span> <span class='ocrx_word' id='word_1_164' title='bbox 574 3147 580 3159; x_wconf 93' lang='grc'><strong>.</strong></span> <span class='ocrx_word' id='word_1_165' title='bbox 596 3103 680 3162; x_wconf 82' lang='grc' dir='ltr'><strong>,πᾶν</strong></span> <span class='ocrx_word' id='word_1_166' title='bbox 711 3097 746 3161; x_wconf 85' lang='grc' dir='ltr'><strong>τὸ</strong></span> <span class='ocrx_word' id='word_1_167' title='bbox 780 3104 874 3180; x_wconf 85' lang='grc' dir='ltr'><em>σῶμα</em></span> <span class='ocrx_word' id='word_1_168' title='bbox 902 3101 1127 3183; x_wconf 80' lang='grc' dir='ltr'><em>κατεπτέρωτο.</em></span> <span class='ocrx_word' id='word_1_169' title='bbox 1174 3105 1228 3163; x_wconf 86' lang='lat' dir='ltr'><strong>Sed</strong></span> <span class='ocrx_word' id='word_1_170' title='bbox 1251 3103 1408 3179; x_wconf 82' lang='lat' dir='ltr'><strong>Vergilium</strong></span> <span class='ocrx_word' id='word_1_171' title='bbox 1431 3105 1488 3165; x_wconf 94' lang='lat' dir='ltr'><strong>hoc</strong></span> <span class='ocrx_word' id='word_1_172' title='bbox 1514 3124 1546 3165; x_wconf 87' lang='lat' dir='ltr'><strong>ex</strong></span> 
     </span>
     <span class='ocr_line' id='line_1_25' title="bbox 369 3187 1546 3275; baseline 0.005 -27"><span class='ocrx_word' id='word_1_173' title='bbox 369 3189 543 3264; x_wconf 89' lang='lat' dir='ltr'><strong>Apollodoro</strong></span> <span class='ocrx_word' id='word_1_174' title='bbox 576 3190 743 3264; x_wconf 79' lang='lat' dir='ltr'><strong>sumpsisse,</strong></span> <span class='ocrx_word' id='word_1_175' title='bbox 777 3193 852 3265; x_wconf 90' lang='lat' dir='ltr'><strong>quod</strong></span> <span class='ocrx_word' id='word_1_176' title='bbox 874 3192 1001 3252; x_wconf 87' lang='lat' dir='ltr'><strong>Roscher</strong></span> <span class='ocrx_word' id='word_1_177' title='bbox 1024 3187 1060 3272; x_wconf 90' lang='lat' dir='ltr'><strong>(s.</strong></span> <span class='ocrx_word' id='word_1_178' title='bbox 1074 3211 1100 3252; x_wconf 85' lang='lat' dir='ltr'><strong>v.</strong></span> <span class='ocrx_word' id='word_1_179' title='bbox 1115 3188 1217 3275; x_wconf 87' lang='lat' dir='ltr'><strong>Tama)</strong></span> <span class='ocrx_word' id='word_1_180' title='bbox 1250 3193 1398 3253; x_wconf 88' lang='lat' dir='ltr'><strong>haesitans</strong></span> <span class='ocrx_word' id='word_1_181' title='bbox 1420 3195 1546 3270; x_wconf 91' lang='lat' dir='ltr'><strong>probare</strong></span> 
     </span>
     <span class='ocr_line' id='line_1_26' title="bbox 369 3278 1546 3355; baseline 0.005 -19"><span class='ocrx_word' id='word_1_182' title='bbox 369 3278 487 3349; x_wconf 83' lang='lat' dir='ltr'><strong>videtur,</strong></span> <span class='ocrx_word' id='word_1_183' title='bbox 520 3279 635 3337; x_wconf 90' lang='lat' dir='ltr'><strong>minime</strong></span> <span class='ocrx_word' id='word_1_184' title='bbox 666 3281 836 3354; x_wconf 89' lang='lat' dir='ltr'><strong>persuadere</strong></span> <span class='ocrx_word' id='word_1_185' title='bbox 868 3281 938 3340; x_wconf 92' lang='lat' dir='ltr'><strong>mihi</strong></span> <span class='ocrx_word' id='word_1_186' title='bbox 970 3297 1096 3355; x_wconf 91' lang='lat' dir='ltr'><strong>possum.</strong></span> <span class='ocrx_word' id='word_1_187' title='bbox 1150 3281 1225 3340; x_wconf 86' lang='lat' dir='ltr'><strong>Nam</strong></span> <span class='ocrx_word' id='word_1_188' title='bbox 1249 3285 1348 3354; x_wconf 84' lang='lat' dir='ltr'><strong>—ut</strong></span> <span class='ocrx_word' id='word_1_189' title='bbox 1375 3285 1488 3342; x_wconf 88' lang='lat' dir='ltr'><strong>taceam</strong></span> <span class='ocrx_word' id='word_1_190' title='bbox 1512 3285 1546 3342; x_wconf 93' lang='lat' dir='ltr'><strong>de</strong></span> 
     </span>
     <span class='ocr_line' id='line_1_27' title="bbox 371 3369 1546 3445; baseline 0.006 -20"><span class='ocrx_word' id='word_1_191' title='bbox 371 3369 595 3442; x_wconf 88' lang='lat' dir='ltr'><strong>quaestionibus,</strong></span> <span class='ocrx_word' id='word_1_192' title='bbox 629 3370 741 3442; x_wconf 91' lang='lat' dir='ltr'><strong>quando</strong></span> <span class='ocrx_word' id='word_1_193' title='bbox 775 3372 804 3428; x_wconf 90' lang='lat' dir='ltr'><strong>et</strong></span> <span class='ocrx_word' id='word_1_194' title='bbox 835 3387 853 3428; x_wconf 88' lang='lat' dir='ltr'><strong>a</strong></span> <span class='ocrx_word' id='word_1_195' title='bbox 885 3387 940 3444; x_wconf 94' lang='lat' dir='ltr'><strong>quo</strong></span> <span class='ocrx_word' id='word_1_196' title='bbox 973 3371 1074 3444; x_wconf 90' lang='lat' dir='ltr'><strong>scripti</strong></span> <span class='ocrx_word' id='word_1_197' title='bbox 1107 3371 1167 3429; x_wconf 91' lang='lat' dir='ltr'><strong>sint</strong></span> <span class='ocrx_word' id='word_1_198' title='bbox 1199 3371 1367 3445; x_wconf 80' lang='lat' dir='ltr'><strong>Apollodori</strong></span> <span class='ocrx_word' id='word_1_199' title='bbox 1400 3389 1546 3432; x_wconf 91' lang='lat' dir='ltr'><strong>commen·</strong></span> 
     </span>
     <span class='ocr_line' id='line_1_28' title="bbox 369 3457 1546 3535; baseline 0.005 -20"><span class='ocrx_word' id='word_1_200' title='bbox 369 3457 436 3515; x_wconf 85' lang='lat' dir='ltr'><strong>tarii</strong></span> <span class='ocrx_word' id='word_1_201' title='bbox 459 3491 503 3500; x_wconf 94' lang='lat'>-</span> <span class='ocrx_word' id='word_1_202' title='bbox 526 3457 552 3516; x_wconf 89' lang='lat' dir='ltr'><strong>si</strong></span> <span class='ocrx_word' id='word_1_203' title='bbox 574 3458 775 3532; x_wconf 85' lang='lat' dir='ltr'><strong>perquisiveris</strong></span> <span class='ocrx_word' id='word_1_204' title='bbox 798 3458 876 3519; x_wconf 90' lang='lat' dir='ltr'><strong>locos</strong></span> <span class='ocrx_word' id='word_1_205' title='bbox 898 3461 1047 3534; x_wconf 88' lang='lat' dir='ltr'><strong>poetarum</strong></span> <span class='ocrx_word' id='word_1_206' title='bbox 1069 3461 1105 3519; x_wconf 93' lang='lat' dir='ltr'><strong>ad</strong></span> <span class='ocrx_word' id='word_1_207' title='bbox 1128 3460 1261 3535; x_wconf 87' lang='lat' dir='ltr'><strong>gigantes</strong></span> <span class='ocrx_word' id='word_1_208' title='bbox 1288 3461 1474 3534; x_wconf 89' lang='lat' dir='ltr'><strong>pertinentes,</strong></span> <span class='ocrx_word' id='word_1_209' title='bbox 1499 3463 1546 3520; x_wconf 92' lang='lat' dir='ltr'><strong>in-</strong></span> 
     </span>
     <span class='ocr_line' id='line_1_29' title="bbox 370 3546 1546 3629; baseline 0.005 -25"><span class='ocrx_word' id='word_1_210' title='bbox 370 3547 467 3605; x_wconf 86' lang='lat' dir='ltr'><strong>venies</strong></span> <span class='ocrx_word' id='word_1_211' title='bbox 499 3546 578 3604; x_wconf 90' lang='lat' dir='ltr'><strong>illam</strong></span> <span class='ocrx_word' id='word_1_212' title='bbox 610 3547 771 3621; x_wconf 91' lang='lat' dir='ltr'><strong>opinionem</strong></span> <span class='ocrx_word' id='word_1_213' title='bbox 794 3549 909 3607; x_wconf 90' lang='lat' dir='ltr'><strong>Terram</strong></span> <span class='ocrx_word' id='word_1_214' title='bbox 934 3549 1055 3629; x_wconf 85' lang='lat' dir='ltr'><strong>„iratam</strong></span> <span class='ocrx_word' id='word_1_215' title='bbox 1083 3550 1272 3625; x_wconf 83' lang='lat' dir='ltr'><strong>progenuisse</strong></span> <span class='ocrx_word' id='word_1_216' title='bbox 1296 3547 1451 3625; x_wconf 89' lang='lat' dir='ltr'><strong>gigantas“</strong></span> <span class='ocrx_word' id='word_1_217' title='bbox 1488 3551 1546 3610; x_wconf 89' lang='lat' dir='ltr'><strong>iam</strong></span> 
     </span>
     <span class='ocr_line' id='line_1_30' title="bbox 372 3633 1567 3721; baseline 0.005 -27"><span class='ocrx_word' id='word_1_218' title='bbox 372 3637 481 3696; x_wconf 87' lang='lat' dir='ltr'><strong>exstare</strong></span> <span class='ocrx_word' id='word_1_219' title='bbox 505 3637 581 3710; x_wconf 87' lang='lat' dir='ltr'><strong>apud</strong></span> <span class='ocrx_word' id='word_1_220' title='bbox 604 3637 787 3711; x_wconf 92' lang='lat' dir='ltr'><strong>Apollonium</strong></span> <span class='ocrx_word' id='word_1_221' title='bbox 809 3639 898 3698; x_wconf 87' lang='lat' dir='ltr'><strong>Rhod.</strong></span> <span class='ocrx_word' id='word_1_222' title='bbox 913 3640 982 3713; x_wconf 88' lang='lat' dir='ltr'><strong>Arg.</strong></span> <span class='ocrx_word' id='word_1_223' title='bbox 997 3633 1119 3721; x_wconf 82' lang='grc' dir='ltr'>ΙΙ,40.3)</span> <span class='ocrx_word' id='word_1_224' title='bbox 1157 3639 1256 3698; x_wconf 78' lang='lat' dir='ltr'><strong>Cetera</strong></span> <span class='ocrx_word' id='word_1_225' title='bbox 1279 3641 1373 3699; x_wconf 89' lang='lat' dir='ltr'><strong>autem</strong></span> <span class='ocrx_word' id='word_1_226' title='bbox 1396 3640 1567 3714; x_wconf 82' lang='lat' dir='ltr'><strong>Typhonis¹</strong></span> 
     </span>
     <span class='ocr_line' id='line_1_31' title="bbox 371 3725 1545 3802; baseline 0.007 -20"><span class='ocrx_word' id='word_1_227' title='bbox 371 3725 487 3798; x_wconf 89' lang='lat' dir='ltr'><strong>propria</strong></span> <span class='ocrx_word' id='word_1_228' title='bbox 518 3725 576 3784; x_wconf 89' lang='lat' dir='ltr'><strong>iarn</strong></span> <span class='ocrx_word' id='word_1_229' title='bbox 607 3726 740 3800; x_wconf 90' lang='lat' dir='ltr'><strong>leguntur</strong></span> <span class='ocrx_word' id='word_1_230' title='bbox 771 3728 848 3800; x_wconf 89' lang='lat' dir='ltr'><strong>apud</strong></span> <span class='ocrx_word' id='word_1_231' title='bbox 880 3729 1034 3788; x_wconf 85' lang='lat' dir='ltr'><strong>Hesiodum</strong></span> <span class='ocrx_word' id='word_1_232' title='bbox 1067 3730 1174 3802; x_wconf 91' lang='lat' dir='ltr'><strong>Theog.</strong></span> <span class='ocrx_word' id='word_1_233' title='bbox 1191 3731 1325 3802; x_wconf 83' lang='lat' dir='ltr'><strong>823sq.;</strong></span> <span class='ocrx_word' id='word_1_234' title='bbox 1358 3729 1461 3788; x_wconf 91' lang='lat' dir='ltr'><strong>similis</strong></span> <span class='ocrx_word' id='word_1_235' title='bbox 1496 3731 1545 3790; x_wconf 92' lang='lat' dir='ltr'><strong>de·</strong></span> 
     </span>
     <span class='ocr_line' id='line_1_32' title="bbox 372 3812 1545 3898; baseline 0.006 -27"><span class='ocrx_word' id='word_1_236' title='bbox 372 3814 490 3887; x_wconf 89' lang='lat' dir='ltr'><strong>scriptio</strong></span> <span class='ocrx_word' id='word_1_237' title='bbox 523 3816 616 3873; x_wconf 83' lang='lat' dir='ltr'><strong>exstat</strong></span> <span class='ocrx_word' id='word_1_238' title='bbox 648 3816 723 3889; x_wconf 89' lang='lat' dir='ltr'><strong>apud</strong></span> <span class='ocrx_word' id='word_1_239' title='bbox 746 3817 923 3876; x_wconf 91' lang='lat' dir='ltr'><strong>Antoninum</strong></span> <span class='ocrx_word' id='word_1_240' title='bbox 944 3819 1103 3877; x_wconf 90' lang='lat' dir='ltr'><strong>Liberalem</strong></span> <span class='ocrx_word' id='word_1_241' title='bbox 1126 3836 1149 3877; x_wconf 94' lang='lat' dir='ltr'><strong>c.</strong></span> <span class='ocrx_word' id='word_1_242' title='bbox 1174 3812 1254 3898; x_wconf 51' lang='lat'><strong>283)</strong></span> <span class='ocrx_word' id='word_1_243' title='bbox 1288 3818 1337 3892; x_wconf 93' lang='lat' dir='ltr'><strong>qui</strong></span> <span class='ocrx_word' id='word_1_244' title='bbox 1360 3837 1374 3877; x_wconf 93' lang='lat' dir='ltr'><strong>e</strong></span> <span class='ocrx_word' id='word_1_245' title='bbox 1398 3818 1545 3878; x_wconf 80' lang='lat' dir='ltr'><strong>Nicandro</strong></span> 
     </span>
     <span class='ocr_line' id='line_1_33' title="bbox 373 3903 1547 3982; baseline 0.006 -22"><span class='ocrx_word' id='word_1_246' title='bbox 373 3919 403 3961; x_wconf 90' lang='lat' dir='ltr'><strong>se</strong></span> <span class='ocrx_word' id='word_1_247' title='bbox 425 3903 558 3962; x_wconf 89' lang='lat' dir='ltr'><strong>hausisse</strong></span> <span class='ocrx_word' id='word_1_248' title='bbox 582 3905 739 3964; x_wconf 87' lang='lat' dir='ltr'><strong>confitetur.</strong></span> <span class='ocrx_word' id='word_1_249' title='bbox 785 3907 989 3979; x_wconf 90' lang='lat' dir='ltr'><strong>Apollodorum</strong></span> <span class='ocrx_word' id='word_1_250' title='bbox 1019 3907 1131 3981; x_wconf 92' lang='lat' dir='ltr'><strong>quidem</strong></span> <span class='ocrx_word' id='word_1_251' title='bbox 1154 3907 1269 3966; x_wconf 90' lang='lat' dir='ltr'><strong>reddere</strong></span> <span class='ocrx_word' id='word_1_252' title='bbox 1292 3925 1403 3966; x_wconf 87' lang='lat' dir='ltr'><strong>carmen</strong></span> <span class='ocrx_word' id='word_1_253' title='bbox 1427 3907 1547 3982; x_wconf 89' lang='lat' dir='ltr'><strong>aliquod</strong></span> 
     </span>
     <span class='ocr_line' id='line_1_34' title="bbox 372 3992 1545 4071; baseline 0.008 -22"><span class='ocrx_word' id='word_1_254' title='bbox 372 3992 627 4051; x_wconf 82' lang='lat' dir='ltr'><strong>Alexandrinorum</strong></span> <span class='ocrx_word' id='word_1_255' title='bbox 668 3995 730 4052; x_wconf 88' lang='lat' dir='ltr'><strong>aevi</strong></span> <span class='ocrx_word' id='word_1_256' title='bbox 772 3995 934 4069; x_wconf 89' lang='lat' dir='ltr'><strong>suspicatur</strong></span> <span class='ocrx_word' id='word_1_257' title='bbox 972 3996 1070 4070; x_wconf 92' lang='lat' dir='ltr'><strong>Ilberg</strong></span> <span class='ocrx_word' id='word_1_258' title='bbox 1109 3997 1129 4055; x_wconf 94' lang='lat' dir='ltr'><strong>l.</strong></span> <span class='ocrx_word' id='word_1_259' title='bbox 1153 3997 1172 4054; x_wconf 94' lang='lat' dir='ltr'><strong>l.</strong></span> <span class='ocrx_word' id='word_1_260' title='bbox 1206 3997 1345 4070; x_wconf 80' lang='lat' dir='ltr'><strong>Equidem</strong></span> <span class='ocrx_word' id='word_1_261' title='bbox 1376 4013 1545 4071; x_wconf 85' lang='lat' dir='ltr'><strong>persuasum</strong></span> 
     </span>
     <span class='ocr_line' id='line_1_35' title="bbox 371 4082 1547 4159; baseline 0.004 -20"><span class='ocrx_word' id='word_1_262' title='bbox 371 4082 462 4140; x_wconf 90' lang='lat' dir='ltr'><strong>habeo</strong></span> <span class='ocrx_word' id='word_1_263' title='bbox 495 4082 615 4156; x_wconf 89' lang='lat' dir='ltr'><strong>Vergilii</strong></span> <span class='ocrx_word' id='word_1_264' title='bbox 647 4083 681 4140; x_wconf 94' lang='lat' dir='ltr'><strong>de</strong></span> <span class='ocrx_word' id='word_1_265' title='bbox 713 4084 801 4142; x_wconf 85' lang='lat' dir='ltr'><strong>Tama</strong></span> <span class='ocrx_word' id='word_1_266' title='bbox 833 4085 987 4159; x_wconf 90' lang='lat' dir='ltr'><strong>cogitantis</strong></span> <span class='ocrx_word' id='word_1_267' title='bbox 1020 4085 1114 4144; x_wconf 91' lang='lat' dir='ltr'><strong>animo</strong></span> <span class='ocrx_word' id='word_1_268' title='bbox 1151 4086 1368 4159; x_wconf 88' lang='lat' dir='ltr'><strong>descriptionem</strong></span> <span class='ocrx_word' id='word_1_269' title='bbox 1401 4087 1547 4159; x_wconf 90' lang='lat' dir='ltr'><strong>quandam</strong></span> 
     </span>
     <span class='ocr_line' id='line_1_36' title="bbox 373 4171 1547 4244; baseline 0.005 -16"><span class='ocrx_word' id='word_1_270' title='bbox 373 4171 519 4244; x_wconf 81' lang='lat' dir='ltr'><strong>Typhonis</strong></span> <span class='ocrx_word' id='word_1_271' title='bbox 543 4203 586 4213; x_wconf 85' lang='lat'><em>—</em></span> <span class='ocrx_word' id='word_1_272' title='bbox 610 4173 704 4230; x_wconf 91' lang='lat' dir='ltr'><strong>utrum</strong></span> <span class='ocrx_word' id='word_1_273' title='bbox 718 4173 856 4232; x_wconf 87' lang='lat' dir='ltr'><strong>Nicandri</strong></span> <span class='ocrx_word' id='word_1_274' title='bbox 879 4191 916 4232; x_wconf 95' lang='lat' dir='ltr'><strong>an</strong></span> <span class='ocrx_word' id='word_1_275' title='bbox 939 4174 1013 4232; x_wconf 90' lang='lat' dir='ltr'><strong>alins</strong></span> <span class='ocrx_word' id='word_1_276' title='bbox 1036 4175 1084 4233; x_wconf 83' lang='lat' dir='ltr'><strong>vix</strong></span> <span class='ocrx_word' id='word_1_277' title='bbox 1107 4174 1342 4234; x_wconf 89' lang='lat' dir='ltr'><strong>diiudicetur-</strong></span> <span class='ocrx_word' id='word_1_278' title='bbox 1366 4176 1547 4234; x_wconf 85' lang='lat' dir='ltr'><strong>obversatam</strong></span> 
     </span>
    </p>
   </div>
   <div class='ocr_carea' id='block_1_12' title="bbox 463 4432 1247 4719">
    <p class='ocr_par' dir='ltr' id='par_1_12' title="bbox 463 4432 1247 4576">
     <span class='ocr_line' id='line_1_37' title="bbox 463 4432 1247 4536; baseline 0.003 -49.031"><span class='ocrx_word' id='word_1_279' title='bbox 463 4433 484 4536; x_wconf 54' lang='grc' dir='ltr'><strong>Ξ)</strong></span> <span class='ocrx_word' id='word_1_280' title='bbox 503 4432 613 4488; x_wconf 83' lang='lat' dir='ltr'><strong>Eridem</strong></span> <span class='ocrx_word' id='word_1_281' title='bbox 632 4433 744 4488; x_wconf 86' lang='lat' dir='ltr'><strong>Homeri</strong></span> <span class='ocrx_word' id='word_1_282' title='bbox 763 4433 788 4488; x_wconf 92' lang='lat' dir='ltr'><strong>ei</strong></span> <span class='ocrx_word' id='word_1_283' title='bbox 807 4434 977 4490; x_wconf 83' lang='lat' dir='ltr'><strong>obversatam</strong></span> <span class='ocrx_word' id='word_1_284' title='bbox 995 4451 1073 4490; x_wconf 93' lang='lat' dir='ltr'><strong>nemo</strong></span> <span class='ocrx_word' id='word_1_285' title='bbox 1092 4451 1146 4490; x_wconf 91' lang='lat' dir='ltr'><strong>non</strong></span> <span class='ocrx_word' id='word_1_286' title='bbox 1164 4435 1247 4491; x_wconf 85' lang='lat' dir='ltr'><strong>ridet.</strong></span> 
     </span>
     <span class='ocr_line' id='line_1_38' title="bbox 463 4504 896 4576; baseline 0.012 -17.143"><span class='ocrx_word' id='word_1_287' title='bbox 463 4504 555 4576; x_wconf 74' lang='grc' dir='ltr'>3)Βὶι.</span> <span class='ocrx_word' id='word_1_288' title='bbox 570 4505 814 4573; x_wconf 81' lang='lat' dir='ltr'><strong>Mus.14p..245</strong></span> <span class='ocrx_word' id='word_1_289' title='bbox 892 4555 896 4564; x_wconf 83' lang='lat'><strong>.</strong></span> 
     </span>
    </p>

    <p class='ocr_par' dir='ltr' id='par_1_13' title="bbox 464 4576 1010 4646">
     <span class='ocr_line' id='line_1_39' title="bbox 464 4576 1010 4646; baseline 0.004 -16.046"><span class='ocrx_word' id='word_1_290' title='bbox 464 4577 485 4645; x_wconf 94' lang='grc'>)</span> <span class='ocrx_word' id='word_1_291' title='bbox 504 4593 529 4630; x_wconf 83' lang='grc' dir='ltr'><em>ν</em></span> <span class='ocrx_word' id='word_1_292' title='bbox 543 4577 673 4632; x_wconf 87' lang='lat' dir='ltr'><strong>Roscher</strong></span> <span class='ocrx_word' id='word_1_293' title='bbox 674 4577 768 4645; x_wconf 89' lang='lat' dir='ltr'><strong>Ilberg</strong></span> <span class='ocrx_word' id='word_1_294' title='bbox 787 4593 806 4632; x_wconf 90' lang='lat' dir='ltr'><strong>s.</strong></span> <span class='ocrx_word' id='word_1_295' title='bbox 821 4595 846 4631; x_wconf 90' lang='lat' dir='ltr'><strong>v.</strong></span> <span class='ocrx_word' id='word_1_296' title='bbox 862 4576 1010 4646; x_wconf 82' lang='lat' dir='ltr'><strong>Gigantea.</strong></span> 
     </span>
    </p>

    <p class='ocr_par' dir='ltr' id='par_1_14' title="bbox 463 4647 974 4719">
     <span class='ocr_line' id='line_1_40' title="bbox 463 4647 974 4719; baseline 0.002 -16.027"><span class='ocrx_word' id='word_1_297' title='bbox 463 4647 521 4719; x_wconf 79' lang='grc' dir='ltr'><strong>3)ν</strong></span> <span class='ocrx_word' id='word_1_298' title='bbox 504 4648 702 4704; x_wconf 73' lang='lat' dir='ltr'><strong>nSchneidcr:</strong></span> <span class='ocrx_word' id='word_1_299' title='bbox 721 4648 917 4718; x_wconf 83' lang='lat' dir='ltr'><strong>Nicandreap,</strong></span> <span class='ocrx_word' id='word_1_300' title='bbox 932 4651 974 4704; x_wconf 83' lang='lat'><strong>65.</strong></span> 
     </span>
    </p>
   </div>
   <div class='ocr_carea' id='block_1_13' title="bbox 0 0 1688 5330">
    <p class='ocr_par' dir='ltr' id='par_1_15' title="bbox 0 0 1688 5330">
     <span class='ocr_line' id='line_1_41' title="bbox 0 0 1688 5330; baseline 0 0"><span class='ocrx_word' id='word_1_301' title='bbox 0 0 1688 5330; x_wconf 95' lang='lat' dir='ltr'><strong> </strong></span> 
     </span>
    </p>
   </div>
  </div>
 </body>
</html>
