3346 5330
847 527 1067 590 „28-

459 708 486 766 A
509 707 623 767 Statio
648 709 699 766 'lla
715 709 750 778 V,
763 711 813 764 155
836 725 866 766 rn
885 707 1064 766 Lemniorum
1087 709 1187 766 contra
1207 707 1325 766 maritos
1348 705 1549 765 coniuratione

371 796 516 856 inducitur
538 797 618 872 Enyo
642 797 754 866 Martia,
779 799 890 872 praeter
913 797 1038 856 Cererem
1061 797 1209 866 infamem,
1233 795 1362 869 Erinyes.

459 887 494 944 In
517 887 536 948 l.
552 887 631 958 VIII,
643 890 694 943 656
718 887 785 945 ficta
808 888 852 945 est
874 885 1012 960 proelium
1039 886 1206 944 restituens:
1244 885 1328 964 „eliis
1360 883 1548 959 serpentibus

371 975 472 1034 ardens
496 978 524 1034 et
546 976 609 1034 face
631 973 771 1036 mutata“.

458 1063 508 1136 XI,
520 1068 554 1121 84
577 1065 733 1140 Tisiphone
764 1065 866 1136 fratres
899 1066 998 1124 eontra
1027 1080 1058 1123 se
1090 1063 1242 1122 stimulans
1276 1063 1399 1137 despicit
1428 1062 1549 1136 propria

370 1152 439 1212 belli
461 1153 591 1212 numina:
628 1155 701 1232 „hoo
723 1155 800 1213 Mars
833 1154 939 1213 habeat
970 1154 1143 1228 vulgataque
1171 1153 1259 1212 iactet
1281 1149 1395 1228 Enyo“.
1442 1153 1548 1226 Itaque

371 1243 453 1301 ambo
478 1237 520 1322 (v.¹
534 1241 611 1320 413)
634 1243 730 1317 fugam
754 1243 897 1316 capientes
921 1243 981 1302 ficti
1004 1244 1079 1303 sunt.

459 1331 510 1390 Bis
525 1332 703 1391 Martialis
718 1333 798 1406 Enyo
823 1333 904 1392 afferi
918 1333 968 1403 VI,
980 1335 1027 1390 32:
1057 1349 1120 1390 curn
1143 1330 1282 1390 dubitarit
1304 1331 1396 1390 adhue
1418 1330 1490 1389 belli
1504 1331 1548 1389 ci-

370 1415 468 1502 vilis¹)
492 1421 573 1495 Enyo
597 1423 625 1480 et
649 1425 746 1493 24‚3:
774 1421 904 1500 „navalis
927 1417 1039 1495 Enyo“.

324 1559 326 1563 ,
460 1509 674 1570 Claudianus
702 1507 746 1591 (in
768 1511 879 1570 Eutrl
902 1529 927 1569 v.
945 1505 1022 1592 237)
1053 1511 1086 1569 de
1109 1509 1247 1583 Eutropio
1271 1510 1400 1568 eunucho
1423 1511 1550 1568 Martem

370 1598 517 1658 embuisse
550 1599 632 1658 dicit:
666 1617 822 1674 aversaque
853 1599 919 1666 risit
940 1600 1029 1674 Enyo,
1085 1599 1188 1658 Confer
1211 1598 1252 1658 sis
1276 1599 1348 1658 Stat.
1365 1599 1416 1657 Th.
1428 1599 1464 1670 V,
1475 1601 1547 1656 356:

370 1687 482 1748 erubuit
504 1688 600 1748 Pallas
624 1691 653 1748 et
675 1690 793 1749 adverso
817 1689 882 1748 risit
905 1689 1053 1750 Gradivus.

458 1778 604 1838 Postremo
629 1778 659 1836 in
683 1777 821 1837 Orestis
845 1780 919 1854 trag.
944 1797 969 1837 v.
995 1781 1057 1838 497
1091 1777 1222 1852 partibus
1250 1777 1390 1836 furiarum
1412 1777 1549 1852 fungitur

370 1861 470 1947 (verba
493 1868 561 1926 sunt
583 1862 760 1950 nutritoris):

583 2012 717 2084 torqueat
739 2011 868 2069 auctores
892 2009 1028 2076 scelerum
1052 2009 1173 2069 crudelis
1197 2011 1287 2098 Enyo.

458 2152 496 2210 Et
517 2171 543 2210 v.
570 2144 646 2212 785':

423 2355 427 2367 ,
527 2253 531 2262 ’
582 2295 682 2354 laudat
704 2296 784 2370 Enyo
807 2296 899 2366 nefas,
923 2265 1206 2369 dentiamoulpabat
1228 2295 1341 2370 Erinys.

393 2505 399 2522 ,
458 2436 545 2496 Vides
579 2437 709 2496 omnibus
741 2437 787 2496 his
819 2437 892 2498 loeis
924 2437 1041 2513 gravius
1074 2437 1226 2497 discrimen
1252 2455 1311 2498 non
1335 2438 1548 2518 exstareinter
1659 2473 1660 2484 κ

260 2538 276 2582 ,’
368 2527 449 2600 Enyo
474 2528 502 2584 et
524 2525 680 2586 Bellonam.

458 2615 575 2674 Necnon
610 2633 711 2690 operae
740 2616 863 2690 pretium
890 2616 953 2688 erit,
986 2617 1086 2676 stota
1108 2615 1286 2676 enarratione
1308 2614 1435 2686 τόπους,
1469 2633 1547 2690 quos

366 2706 479 2775 vocant,
513 2704 659 2779 colligere:
693 2705 817 2764 Primum
845 2705 1012 2782 saepissime
1034 2705 1154 2765 Bellona
1185 2705 1331 2765 inducitur
1361 2705 1469 2780 proelio
1493 2723 1546 2764 ex·

368 2793 475 2858 oriente
508 2794 606 2854 ducem
638 2794 683 2853 vel
714 2795 819 2854 milites
852 2795 1013 2854 stimulans.
1069 2795 1161 2855 Medio
1192 2795 1222 2854 in
1245 2795 1352 2869 proelio
1377 2795 1452 2854 aoies
1475 2813 1546 2869 per-

251 2942 253 2946 ,
368 2884 455 2955 errat;
482 2900 534 2941 neo
557 2883 671 2942 silentio
694 2885 931 2956 praetcreundum
954 2883 1064 2944 videtur
1086 2885 1235 2944 Bellonam
1257 2884 1336 2944 nullo
1359 2885 1421 2944 loco
1445 2884 1547 2943 fictam

368 2988 437 3054 esse
465 2974 561 3045 partes
596 2973 735 3046 quasdam
768 2973 956 3045 adimentem,
990 2975 1040 3033 sed
1072 2975 1222 3048 utrumque
1252 2974 1403 3033 exercitum
1427 2973 1545 3046 excitat,

365 3062 518 3134 ¹utrumque
540 3061 662 3120 laetatur
684 3062 783 3136 perire.

456 3150 542 3208 Haud
564 3168 627 3209 raro
650 3151 755 3226 legitur
768 3151 888 3211 Bellona
910 3151 1017 3212 ironice
1043 3149 1211 3232 ,3pronuba“
1238 3152 1264 3210 si
1287 3153 1465 3226 ex‘quodam
1478 3169 1544 3211 ma-

367 3239 499 3298 trimonio
532 3240 638 3298 bellum
670 3242 796 3300 exortum
829 3243 881 3300 est.
929 3241 1009 3300 Certe
1040 3243 1095 3300 hoo
1124 3241 1245 3300 rhetoris
1273 3242 1402 3300 scholam
1424 3241 1544 3316 resipit;

368 3329 441 3402 quod
474 3345 536 3387 meo
570 3329 681 3402 quidem
713 3330 818 3389 iudicio
842 3330 944 3392 testari
965 3330 1077 3390 videtur
1098 3331 1279 3405 Augustinus
1302 3331 1336 3389 de
1360 3330 1413 3390 civ.
1438 3331 1492 3388 Dei
1516 3331 1544 3403 1,
1659 3365 1660 3374 κ

366 3435 394 3491 p,
413 3422 485 3488 111,
518 3417 568 3476 ubi
600 3419 634 3476 de
665 3419 703 3478 iis
734 3419 924 3503 matrimoniis
956 3421 1043 3478 verba
1074 3420 1153 3491 facit,
1178 3437 1250 3494 quae
1275 3437 1378 3479 causae
1401 3419 1545 3479 bellorum

352 3507 467 3606 *fueret
487 3507 621 3624 &talibus
653 3508 762 3582 nuptiis
790 3509 926 3583 populum
949 3509 1105 3568 Romanum
1128 3527 1186 3569 non
1209 3511 1315 3580 Venno,
1348 3509 1399 3568 sed
1421 3507 1546 3568 Bellona

366 3597 541 3744 donavd’tor'ro
574 3703 673 3760 pacem
706 3704 791 3761 saepe
824 3687 988 3747 describunt
1010 3689 1111 3761 poetae
1134 3651 1283 3746 Bellonam
1305 3686 1336 3746 in
1359 3686 1542 3746 narrationes

366 3792 434 3832 suas
458 3774 552 3847 aliquo
576 3776 658 3834 modo
682 3775 847 3838 inserentes.
884 3777 1032 3836 Postremo
1055 3778 1134 3836 haud
1156 3777 1198 3836 ita
1220 3777 1322 3834 mirum
1344 3777 1542 3836 videturBel-
1659 3773 1660 3776 ’

365 3863 462 3922 lonam
486 3881 549 3922 curn
571 3865 662 3923 Marte
685 3865 866 3924 coniunctam
889 3865 950 3925 eius
974 3865 1102 3941 aurigam
1124 3867 1230 3941 pictam
1253 3883 1324 3926 esse.

457 4055 476 4125 ¹)
496 4054 589 4109 civilis·
603 4054 714 4122 Erinys:
734 4055 835 4110 Lucan.
851 4057 899 4123 IV,
911 4071 958 4124 res,
977 4057 1046 4110 Stat.
1061 4056 1121 4111 silv.
1133 4057 1165 4124 V,
1176 4070 1196 4125 a,
1213 4069 1259 4110 195.
