3346 5330
832 542 1053 606 ..20-

515 723 615 797 Neque
637 723 758 782 Bellona
779 723 819 781 mi
841 739 967 796 unquam
990 738 1082 795 neque
1104 721 1182 780 Mars
1205 720 1330 792 creduat‚

515 812 554 871 Ni
577 812 659 871 illum
682 811 867 872 exanimalem
889 812 954 870 faxo
978 829 1002 870 e.
1018 828 1044 885 q.
1059 828 1083 870 s.

443 955 579 1016 Videmus
602 956 660 1015 iam
681 957 743 1016 tum
766 972 827 1014 eam
849 955 881 1014 in
902 955 1093 1013 Romanomm
1115 951 1316 1026 superstitione
1339 951 1441 1012 iisdem
1462 969 1533 1026 par-

356 1045 433 1104 tibus
456 1046 584 1106 functam
607 1063 681 1118 esse,
706 1046 809 1120 quibus
834 1044 1004 1103 Graecorum
1022 1039 1135 1103 Ἐνυώ.

444 1136 479 1194 In
502 1135 720 1210 Amphitryonis
743 1133 862 1210 prologo
886 1152 913 1193 u.
929 1136 970 1193 47
994 1131 1152 1191 Mercurius
1176 1132 1258 1192 dicit:

571 1286 646 1356 Quid
669 1303 721 1362 ego
745 1302 896 1346 memorem
919 1279 1069 1366 (beneficia
1091 1278 1196 1366 patris)
1220 1317 1263 1326 -

834 1376 868 1433 ut
891 1374 962 1433 alios
986 1374 1017 1432 in
1039 1373 1195 1448 tragoediis

568 1464 627 1523 vidi
649 1464 823 1539 Neptunum,
847 1463 998 1534 Virtutem,
1021 1462 1186 1534 Victoriam,

567 1555 697 1625 Martem,
720 1553 869 1612 Bellonam
892 1568 1109 1612 commemorare
1133 1569 1204 1627 quae
1227 1551 1304 1610 bona

567 1643 650 1703 uobis
673 1643 818 1704 fecissent.

445 1794 506 1865 Quo
540 1813 574 1854 ex
604 1795 667 1854 loco
701 1793 836 1854 discimus
869 1777 956 1853 etiam
978 1792 1126 1852 Bellonam
1158 1792 1254 1851 fictam
1287 1809 1349 1850 esse
1381 1789 1536 1865 prologum

354 1884 514 1944 facientem.
547 1885 701 1944 Veniamus
716 1884 753 1942 ad
766 1882 971 1958 Vergilium:
996 1881 1026 1940 in
1049 1882 1120 1944 Aen.
1135 1881 1231 1952 LVII,
1255 1898 1281 1942 v.
1297 1883 1360 1941 319
1384 1881 1456 1939 Iuno
1474 1879 1536 1938 La-

355 1974 642 2048 viniaegrauissime
665 1973 823 2044 minitatur,
848 1989 911 2032 cum
934 1970 1017 2030 dicit:

530 2205 533 2210 Ι
570 2125 714 2200 Sanguine
738 2124 860 2184 Troiano
885 2125 912 2182 et
934 2123 1038 2182 Butulo
1063 2122 1206 2193 delabere,
1230 2121 1322 2196 virgo,

569 2217 598 2274 et
619 2215 740 2274 Bellona
762 2215 857 2272 manet
879 2215 907 2272 te
930 2212 1068 2287 pronuba.

445 2367 514 2424 (lum
537 2365 603 2424 aliis
625 2365 697 2425 locis
720 2366 797 2423 haud
819 2363 956 2423 iterans
979 2363 1051 2422 Iuno
1075 2356 1325 2444 ipsapronuba1)
1358 2362 1411 2421 dea
1444 2361 1534 2419 ducta

357 2455 405 2527 sit,
437 2455 485 2514 hic
517 2455 643 2530 grauiter
674 2455 761 2529 poeta
793 2471 856 2515 eam
888 2453 957 2512 facit
988 2453 1221 2526 pronuntiantem
1252 2469 1312 2512 non
1335 2468 1365 2510 se
1389 2451 1439 2509 sed
1461 2449 1533 2508 belli

356 2545 437 2604 deam
468 2546 614 2604 cruentam
636 2543 786 2603 Lauiniam
817 2560 939 2602 manere.
996 2541 1145 2615 Ceteroqui
1176 2541 1267 2600 furiae
1299 2541 1376 2615 apud
1400 2539 1534 2600 Ouidium

355 2633 533 2706 her.lI,·107
557 2634 671 2694 easdem
693 2635 789 2709 partes
813 2633 932 2692 obeunt:

568 2787 703 2846 Pronuba
725 2785 879 2860 Tisiphone
901 2783 1038 2843 thalamis
1061 2782 1183 2842 ululavit
1205 2781 1236 2841 in
1258 2781 1317 2841 illis

355 2939 401 2998 vel
424 2939 500 3012 apud
523 2939 657 2997 Senecam
681 2930 762 3018 (Oed.
779 2939 842 2998 643
867 2936 957 2996 Creon
981 2929 1094 3017 edicit):

568 3107 677 3148 mecum
699 3088 808 3162 Erinyn
830 3087 989 3162 pronubam
1011 3085 1131 3182 thalami
1153 3085 1274 3147 traham.

445 3242 531 3316 Apud
554 3241 701 3300 Lucanum
723 3241 803 3311 VIII,
815 3243 849 3296 90
873 3237 1005 3298 Cornelia
1026 3237 1119 3312 luget:

720 3409 764 3450 me
787 3390 919 3466 pronuba
942 3375 1022 3468 duruit
1044 3389 1162 3464 Erinys3

358 3545 545 3606 conferendus
568 3543 667 3602 Nonni
690 3559 800 3616 quoque
823 3542 934 3601 videtur
956 3541 1037 3626 locus
1061 3541 1141 3612 VIII,
1152 3543 1234 3604 aem,

463 3684 517 3747 καὶ
541 3684 643 3766 γάμος
665 3681 705 3765 ἦν
727 3681 871 3765 Σεμέλης
893 3679 1130 3764 θανατηφόρος,
1154 3677 1193 3762 ἧς
1216 3678 1261 3743 ἐνὶ
1283 3679 1399 3762 θεσμῷ

463 3773 621 3855 πυρκαιὴν
644 3772 698 3834 καὶ
719 3772 841 3854 τύμβον
864 3771 1004 3853 ἐθήκατο
1026 3768 1146 3834 παστὸν
1164 3767 1315 3851 Ἑριννύς.

447 3919 569 3978 Omnino
592 3919 668 3977 hanc
691 3917 878 3978 elocutionem
901 3917 966 3976 inde
990 3915 1146 3991 aVergilio
1168 3911 1266 3974 τόπον
1289 3913 1434 3973 exstitisse
1457 3913 1535 3971 infra

358 4008 623 4068 demonstrabimus

446 4099 481 4156 In
504 4099 585 4156 scuto
609 4097 731 4167 Aeneae,
763 4113 818 4170 quo
842 4097 930 4166 Mars,
961 4094 1054 4164 Dirae,
1078 4093 1229 4153 Discordia
1251 4093 1414 4168 pugnantes
1437 4091 1533 4166 pictae

358 4188 427 4246 sunt
450 4187 529 4258 VIII,
541 4189 607 4244 703:

571 4345 635 4387 cum
658 4326 815 4402 sanguineo
840 4326 969 4400 sequitur
990 4323 1112 4385 Bellona
1134 4324 1257 4400 flagello.

446 4473 551 4546 Aperte
573 4471 627 4530 hoo
650 4470 713 4530 loco
736 4469 881 4544 Vergilius
904 4469 1019 4528 Homeri
1041 4468 1165 4543 vestigia
1189 4468 1302 4526 secutus
1331 4467 1385 4536 est,
1419 4465 1469 4539 qni
1502 4465 1534 4524 in

447 4679 468 4750 ¹)
488 4696 512 4734 v.
527 4677 615 4734 Servii
633 4677 695 4732 adn.
710 4676 778 4732 Aen.
792 4677 840 4747 IV,
851 4689 885 4731 no.
