3346 5330
833 494 1053 562 „40-

357 679 406 750 IX,
419 681 483 736 147:
615 673 771 757 οὐλομένη
796 673 826 736 δ’
852 673 999 738 ἐτιαότεεν
1022 633 1228 756 ἀμφοτέροισι

515 763 643 846 μακρὸν
659 763 746 846 Ἔρις
768 763 891 846 βόωοα.

357 893 542 966 e‚.tX53sq
589 891 679 950 Caede
703 892 821 950 cruenta
843 891 1013 966 gandensi
1015 891 1089 962 t,II
1100 833 1166 949 lto:
1194 887 1337 970 Ἔριςό
1360 888 1531 970 §aeonem

358 978 485 1061 ἀμφοῖν.

445 1071 527 1142 VIII,
541 1073 589 1128 191
615 1103 658 1112 -
682 1067 863 1149 ἐπετέρπετο
895 1066 996 1149 θυμῷ
1025 1067 1149 1136 κείνους
1176 1065 1352 1146 εἰσορόωσα
1377 1063 1531 1150 (Achillem

356 1156 609 1241 Eurypylumque).

358 1267 361 1272 ·
446 1250 495 1320 IX,
507 1249 760 1319 3141111161
778 1243 1058 1326 ”Egrcd'iao'vero
1081 1245 1182 1327 θυμῷ
1205 1243 1395 1327 ὀλλυμένων.

446 1338 653 1408 Penthesileae,
678 1355 799 1411 quacum
822 1337 1052 1412 comparaturI,
1064 1341 1125 1409 1,80
1149 1337 1270 1396 securim
1293 1337 1444 1396 donavisse
1459 1337 1532 1395 dici-

356 1429 405 1485 tur
427 1427 451 1498 I,
464 1431 525 1499 159,
558 1425 672 1502 quod
665 1444 695 1484 m
718 1427 909 1486 Romanorum
940 1426 1092 1501 praecipue
1122 1426 1297 1518 carminibus
1320 1422 1418 1486 τόπον
1440 1425 1533 1484 fuisse

359 1512 467 1599 infra¹)
491 1515 739 1576 demonstrabitur.

446 1607 532 1681 Apud
555 1605 833 1680 Tryphiodcrum
857 1622 921 1664 oum
944 1605 1024 1678 Enyo
1049 1605 1202 1664 coniuncta
1225 1605 1350 1664 Graecos
1374 1605 1410 1664 ad
1433 1605 1535 1664 urbem
1657 1619 1658 1626 ¹

358 1695 506 1754 delendam
529 1695 663 1769 impellit:
688 1712 714 1753 r.
731 1696 808 1754 562:

519 1815 576 1880 σὺν
600 1817 629 1879 d’
648 1815 735 1898 Ἔρις
758 1815 978 1899 οὐρανόμηκες
1001 1816 1201 1898 ἀναστήσασα
1224 1815 1367 1899 κάρηνον

510 1905 673 1988 Ἀργείους
696 1905 861 1988 ὀρόθυνεν.

447 2035 546 2109 Imago
569 2033 730 2094 tritissima.

359 2149 361 2155 ⁸
446 2124 593 2182 Postremo
608 2121 754 2182 Nonnus
769 2122 892 2196 speciem
906 2123 974 2181 deae
988 2121 1071 2181 novis
1086 2087 1230 2182 coloribus
1244 2123 1417 2198 interpolare
1431 2140 1535 2198 super·

359 2213 441 2283 sedit,
475 2213 525 2272 sed
555 2215 653 2286 partes
686 2212 831 2286 aliquanto
865 2212 951 2274 aurit.
1007 2211 1077 2270 Cum
1099 2212 1190 2270 Marte
1219 2213 1256 2270 ad
1278 2229 1406 2287 pugnam
1428 2211 1537 2272 incitat

357 2303 473 2373 XXXII,
486 2305 588 2360 177
560 2305 588 2360 et
611 2301 645 2372 V,
656 2305 689 2358 41
716 2297 861 2379 ὃιὸόμαις
884 2305 1059 2381 στρατιῇσιν
1076 2298 1163 2380 Ἔρις
1186 2299 1329 2371 ξύνωσεν
1351 2299 1445 2364 ἒνυώ.

446 2391 505 2462 XX,
517 2395 551 2448 35
574 2391 688 2450 Baccho
713 2390 867 2449 somnianti
889 2391 954 2450 Eris
979 2392 1111 2466 apparet:
1204 2411 1206 2416 ·
1253 2413 1255 2418 ·

963 2513 1118 2595 πολέμοιο
1140 2513 1264 2596 τιθήνη,

572 2603 691 2684 ἅρμασι
713 2586 875 2684 μιμηλοιοι
898 2602 1136 2685 ἐφεδρήοσουοοι
1160 2603 1296 2666 λεόντων

568 2690 666 2760 Ρείας
689 2689 814 2761 oldest
795 2714 911 2772 εχουοα
934 2715 963 2754 κ.
978 2716 1000 2754 τ.
1016 2691 1041 2754 ί.

448 2820 591 2878 Bacchum
614 2820 745 2878 hortatur
768 2821 796 2878 et
819 2820 857 2878 ad
878 2819 983 2878 bellum
1007 2820 1172 2878 inflammat.
1211 2820 1298 2880 Cuius
1318 2820 1443 2880 fictionis
1466 2821 1537 2896 pig-

359 2911 455 2968 menta
479 2908 627 2983 adoptauit
649 2908 781 2968 nimimm
804 2926 837 2967 111
859 2909 975 2968 Homeri
997 2909 1033 2968 ΙΙ.
1048 2905 1123 2968 1316
1134 2927 1177 2984 sq.
1224 2909 1328 2983 Lepide
1352 2910 1416 2968 Eris
1439 2907 1537 2971 πολέ-

357 3018 432 3077 μοιο
454 2995 578 3077 τιθήνη·
591 2998 668 3057 dicta
691 2999 744 3056 est.

447 3087 596 3146 Praeterea
619 3086 691 3145 illud
715 3087 900 3146 daemonibus
927 3087 1080 3161 peculiare,
1114 3089 1189 3161 quod
1221 3089 1354 3147 neutmm
1384 3088 1536 3160 adiuvant,

358 3176 446 3248 misit,
471 3194 535 3236 oum
558 3175 671 3258 Eridem
694 3175 781 3235 alicui
802 3176 878 3250 parti
901 3177 994 3236 favere
1018 3177 1088 3236 dicit
1110 3177 1150 3248 Π,
1163 3179 1228 3235 858:

1040 3297 1080 3380 ἦν
1104 3298 1138 3362 δὲ
1160 3299 1318 3381 κυδοιμοῦ

509 3386 639 3469 πομπὸς
655 3386 741 3469 Ἔρις
767 3387 932 3470 Τυφῶνι,
957 3386 1045 3457 Διὸς
1069 3387 1099 3450 δ’
1124 3389 1264 3471 ἡγήσατο
1288 3387 1374 3471 Νίκη

359 3517 387 3574 a
409 3515 610 3587 xxrrnass:

571 3635 625 3699 καὶ
648 3636 759 3700 στόλον
782 3636 937 3700 ίόόνουσα
960 3637 1134 3720 μαχήμονα
1158 3638 1374 3721 Δηριαόῆος

571 3726 703 3897 ὑΝοίμίέης
720 3725 806 3807 ’Ἔρις
829 3725 919 3808 cloga:
944 3726 1170 3790 Διωνυοίοιο
1194 3728 1231 3796 δὲ
1253 3733 1341 3810 νηῶν

449 3944 483 4001 In
507 3942 665 4007 elocutione
689 3943 723 4001 de
737 3944 898 4002 Damaseuo
922 3943 1054 4018 gigante:
1079 3941 1257 4024 τεκτομένῳ
1282 3941 1317 4006 δέ
1339 3943 1371 4005 οί
1383 3940 1539 4026 ἦενἜρις
1660 3929 1661 3932 ¹

359 4029 478 4116 τρόῳος
501 4026 598 4112 (XXV,
611 4027 675 4114 489)
698 4029 797 4092 τόπον
820 4033 1030 4107 cognoscimus,
1055 4034 1088 4091 de
1112 4050 1167 4107 quo
1191 4034 1298 4092 dictum
1322 4037 1487 4109 1111120.

352 4201 354 4204 Ι
412 4141 414 4144 ·
447 4121 613 4180 Postremus
641 4121 833 4180 colluthus
851 4122 881 4180 11
906 4122 1028 4181 carmine
1057 4139 1108 4181 suo
1132 4121 1226 4182 fusius
1250 4124 1284 4181 de
1313 4123 1390 4182 Pelei
1421 4125 1538 4199 nuptiis

360 4211 447 4269 verba
469 4210 540 4268 facit
563 4213 590 4268 et
604 4209 717 4269 Eridem
740 4227 798 4270 non
822 4211 972 4270 invitatam
994 4211 1100 4270 malum
1123 4211 1278 4271 interdeos
1292 4212 1394 4272 iecisse
1408 4217 1536 4277 enarrat.

359 4299 409 4357 Nil
433 4299 510 4370 fecit,
543 4299 601 4358 nisi
631 4300 758 4359 fabulam
791 4301 870 4358 illam
901 4302 998 4360 uotam
1030 4302 1148 4360 verbose
1180 4302 1340 4374 exornavit;
1372 4303 1478 4376 fontes,
1509 4304 1538 4363 si

359 4388 483 4459 fuerunt,
508 4405 565 4448 non
588 4389 727 4448 novimus.

450 4561 572 4631 9143·
654 4603 655 4607 =
