3346 5330
831 548 1055 615 „36-

357 731 392 788 de
415 727 534 788 Eridis
557 729 631 788 malo
655 727 819 800 diiudicare,
844 729 913 802 quid
936 729 970 787 de
993 732 1107 788 amore?
1144 728 1345 788 Gravissimum
1360 730 1533 787 momentum

358 819 514 878 elicuerunt
537 837 551 877 e
573 835 707 878 rasorum
730 818 915 893 imaginibus,
944 835 1063 892 quorum
1090 817 1169 876 nulle
1195 817 1303 876 malum
1325 817 1465 877 contineri
1489 817 1533 875 di·

358 910 436 968 cunt,
484 908 539 966 Sed
561 908 714 978 salientum
748 910 841 968 exstat
863 908 938 966 enim
961 908 991 966 in
1014 901 1238 987 Neapolitau01)
1260 923 1358 966 museo
1380 924 1443 978 ras,
1476 923 1532 980 quo

357 1000 416 1057 tres
439 997 505 1056 illue
528 997 596 1056 deae
618 997 700 1056 fictae
724 999 793 1056 sunt
815 1015 879 1056 cum
901 997 1014 1067 Paride,
1043 997 1093 1070 qui
1116 996 1236 1055 sinistra
1257 1013 1344 1054 mann
1366 997 1397 1054 in
1420 998 1533 1071 tergum

357 1087 463 1146 reiecta
494 1086 604 1160 aliquid
635 1086 711 1145 malo
740 1086 786 1145 vel
807 1087 883 1160 pilae
906 1085 999 1144 simile
1021 1088 1108 1156 tenet,
1141 1087 1174 1144 ut
1195 1086 1415 1161 Heydemannus
1439 1087 1532 1159 putat.

359 1176 442 1246 Quod
465 1175 533 1250 quin
556 1175 663 1234 malum
685 1175 758 1234 illud
781 1175 828 1248 sit,
852 1175 883 1234 in
906 1175 1024 1234 dubium
1046 1192 1146 1234 vocare
1167 1192 1231 1234 mea
1254 1175 1366 1249 quidem
1390 1175 1534 1234 sententia

357 1282 415 1324 non
447 1265 524 1336 licet,
558 1265 625 1323 dum
656 1283 715 1324 non
747 1265 878 1324 meliores
910 1267 939 1324 et
969 1265 1115 1339 graviores
1148 1281 1253 1323 causae
1284 1265 1389 1323 allatae
1417 1263 1532 1334 fuerint,

359 1372 443 1428 qnam
465 1354 686 1426 Luckeubachii‚
719 1354 769 1428 qui
798 1371 863 1413 cum
889 1354 919 1412 in
943 1355 1045 1412 ceteris
1068 1355 1146 1414 vasis
1170 1353 1253 1425 desit,
1286 1353 1334 1414 hic
1356 1353 1462 1412 malum
1485 1371 1533 1412 ex-

359 1446 436 1502 stare
458 1445 555 1518 negat.
601 1443 708 1502 Eadem
732 1444 766 1502 de
789 1461 878 1502 causa
899 1443 930 1502 in
953 1444 1046 1502 tribus
1075 1437 1193 1524 vasis,²)
1225 1443 1329 1517 quibus
1351 1442 1464 1502 Paridis
1488 1442 1533 1500 iu-

359 1533 463 1592 dicium
493 1532 604 1608 pictum
636 1534 689 1604 est,
723 1532 867 1592 Ouerbeclr
899 1533 1005 1591 malum
1037 1551 1054 1591 a
1085 1534 1196 1592 lunone
1228 1535 1341 1607 gestum
1373 1533 1442 1592 deae
1464 1548 1534 1608 pro-

358 1622 452 1696 prium
475 1621 589 1696 signnm
612 1639 675 1680 esse
699 1622 790 1692 docet,
814 1639 873 1681 non
886 1621 992 1693 Eritis,
1016 1639 1137 1696 quocum
1151 1639 1309 1696 repugnare
1323 1622 1392 1681 mihi
1412 1622 1533 1691 videtin,

359 1712 436 1786 quod
459 1711 531 1770 luno
563 1728 677 1769 manum
709 1728 774 1770 eum
801 1711 876 1770 malo
900 1711 937 1770 ad
960 1711 1091 1770 Paridem
1113 1711 1244 1785 porrigit,
1277 1713 1415 1770 Iunonem
1438 1712 1534 1770 autem

358 1803 391 1858 nt
423 1818 561 1859 summam
593 1801 675 1859 deam
706 1801 812 1859 malum
844 1800 901 1859 sibi
932 1800 1075 1860 vindicare
1106 1817 1164 1860 non
1196 1801 1308 1862 mirum.
1354 1801 1457 1874 Itaque
1479 1801 1535 1858 hac

359 1890 469 1949 ratione
502 1889 618 1964 singula
648 1889 717 1948 mali
749 1891 876 1964 exempla
908 1890 980 1948 satis
1014 1891 1158 1949 commode
1190 1891 1224 1948 de
1257 1891 1349 1950 medio
1371 1889 1436 1948 tolli
1459 1891 1534 1959 reto,

358 1997 447 2039 unum
470 1979 627 2038 concedens
649 1980 720 2038 haec
741 1997 813 2038 vasa
834 1979 1003 2038 recentioris
1018 1997 1088 2038 saue
1102 1979 1165 2038 aevi
1179 1997 1256 2050 esse;
1281 1982 1406 2038 attamen
1419 1979 1534 2038 alexau-

250 2063 253 2072 ‘
360 2069 506 2128 driuorum
528 2069 630 2142 poesin
652 2085 833 2142 nequaquam
856 2070 893 2127 ad
914 2086 985 2128 vasa
1008 2069 1155 2143 pingenda
1177 2068 1266 2127 ullius
1289 2068 1425 2128 momenti
1443 2068 1535 2126 fuisse

360 2157 476 2218 scimus.
524 2155 660 2226 Quaestio
693 2157 783 2232 igitur
816 2159 948 2228 exoritur,
984 2159 1124 2232 quomodo
1157 2158 1295 2232 explicare
1326 2158 1471 2232 possimus
1505 2157 1536 2215 in

360 2247 438 2306 rasis
460 2247 582 2305 vetustis
605 2247 672 2306 mali
695 2247 818 2322 vestigia
842 2248 935 2306 adhuc
957 2264 1016 2306 nen
1038 2247 1170 2306 inveniri.
1207 2247 1310 2307 Nonne
1334 2247 1467 2306 credibile
1490 2249 1537 2304 est

360 2337 391 2395 in
415 2338 542 2395 veterum
566 2335 741 2395 carminibus
763 2336 869 2394 malum
891 2336 1011 2396 minoris
1033 2337 1123 2395 fnisse
1144 2337 1288 2408 momenti,
1310 2337 1354 2394 ita
1375 2339 1409 2395 ut
1429 2353 1487 2395 non
1502 2336 1538 2394 de

360 2426 435 2484 male
457 2425 562 2484 fuisset
584 2427 735 2496 certamen,
759 2426 810 2485 sed
833 2428 866 2484 ut
888 2426 992 2490 malum
1016 2425 1053 2485 ab
1074 2425 1159 2484 Eride
1182 2426 1289 2485 iactum
1311 2426 1400 2484 11111111
1422 2427 1536 2484 tautum

360 2515 394 2574 de
416 2514 627 2590 pulchritudine
650 2515 795 2586 movisset,
828 2515 940 2574 Paridis
969 2517 1062 2574 autem
1091 2515 1203 2586 fuisset,
1237 2533 1310 2589 qnae
1341 2514 1535 2589 pulcherrima

360 2605 445 2674 esset,
470 2603 632 2675 diiudicare,
665 2620 723 2663 non
747 2604 792 2663 coi
814 2605 918 2662 malum
942 2595 1154 2686 tribueretur.⁸)
1198 2605 1276 2679 Ergo
1300 2604 1434 2675 artifices,
1470 2621 1534 2663 cum

360 2692 473 2752 Paridis
496 2693 631 2751 iudicium
654 2693 761 2767 fingere
784 2694 899 2765 vellent,
923 2694 957 2752 de
980 2694 1055 2752 malo
1079 2710 1137 2752 nou
1162 2694 1338 2768 cogitabant,
1371 2693 1466 2768 specie
1489 2693 1535 2750 iu·

361 2782 429 2842 dicii
451 2784 546 2841 autem
569 2782 656 2841 semel
679 2782 822 2842 delineata
844 2785 873 2842 et
896 2783 979 2856 quasi
1003 2783 1134 2842 stabilita
1157 2801 1175 2841 a
1197 2783 1284 2842 ductu
1310 2783 1453 2842 communi
1476 2799 1535 2841 non

360 2873 538 2932 recedebat.
593 2872 743 2930 Praeterea
773 2873 845 2931 haec
877 2872 1126 2931 animadvertenda
1156 2875 1236 2931 sunt:
1270 2873 1372 2930 Mirum
1394 2871 1536 2930 mehercle

361 2963 446 3033 esset,
480 2961 505 3019 si
529 2961 696 3035 Cypriorum
729 2963 827 3020 auctor
853 2977 911 3020 non
936 2961 1229 3032 commemoravisset,·
1256 2979 1313 3036 qua
1335 2961 1444 3020 ratione
1467 2960 1535 3019 Eris

360 3051 439 3110 litem
471 3050 633 3121 excitasset,
665 3067 732 3109 nam
765 3050 879 3110 disertis
911 3051 1006 3109 verbis
1030 3051 1162 3110 accedere
1186 3051 1290 3110 dicitur
1313 3051 1349 3108 ad
1373 3051 1440 3109 deos
1465 3067 1535 3124 epu·

360 3141 454 3199 lantes
478 3133 791 3222 (aapoyeoopetm);⁴)
815 3157 882 3215 ergo
906 3158 967 3199 eam
991 3141 1104 3199 deorum
1129 3140 1226 3199 oeulos
1250 3140 1279 3198 in
1304 3157 1335 3198 se
1359 3138 1535 3199 convertisse

360 3228 513 3289 verisimile
545 3230 598 3298 est,
632 3229 780 3303 aptissime
812 3229 901 3304 igitur
932 3230 987 3288 hoe
1014 3230 1089 3288 dono
1113 3230 1234 3304 quodam
1257 3230 1288 3287 in
1312 3228 1435 3287 medium
1458 3228 1534 3288 iacto

362 3318 458 3394 efficit,
484 3318 618 3392 quoniam
642 3335 738 3378 omnes
762 3319 829 3377 deos
853 3318 928 3378 dona
950 3319 1081 3377 attulisse
1105 3312 1254 3399 seimus.⁶)
1291 3318 1322 3376 Si
1345 3320 1441 3377 autem
1457 3317 1536 3376 aliud

362 3409 430 3482 quid
453 3407 578 3478 lecisset,
603 3409 636 3465 ut
657 3407 736 3466 litem
759 3410 891 3476 moveret,
915 3408 971 3468 hoc
994 3424 1055 3466 meo
1080 3408 1193 3481 quidem
1216 3407 1320 3466 iudicio
1344 3407 1375 3466 iu
1392 3407 1471 3467 rasis
1486 3409 1537 3465 aut

361 3498 392 3556 in
414 3497 519 3557 fabulis
542 3496 665 3571 vestigia
688 3498 828 3570 quaedam
850 3497 1027 3571 reliquisset;
1060 3498 1110 3555 sed
1141 3497 1252 3556 nullum
1282 3499 1377 3556 exstat
1399 3496 1534 3556 iudicium

361 3603 487 3660 unquam
519 3585 604 3643 aliam
636 3585 725 3644 fuisse
757 3587 891 3644 fabulam.
942 3585 981 3645 Ut
1003 3586 1083 3645 brevi
1104 3585 1275 3660 praecidam,
1307 3585 1462 3645 verisimile
1486 3603 1533 3644 ex·

362 3676 457 3735 istimo
490 3675 604 3734 fabulae
636 3675 713 3734 illius
747 3675 961 3750 acceptissimae
993 3676 1026 3734 de
1058 3675 1133 3733 malo
1166 3675 1249 3734 initia
1280 3675 1337 3734 iam
1368 3675 1398 3734 in
1422 3675 1535 3749 Cypriis

361 3766 460 3836 fuisse,
484 3781 557 3838 quae
580 3764 742 3823 coniectura
764 3765 833 3823 miro
857 3765 940 3824 modo
965 3765 1125 3824 confirmari
1147 3765 1258 3824 ridetur
1279 3765 1448 3838 Apollodori
1474 3765 1536 3838 epi·

361 3848 470 3936 toma⁶)
502 3871 594 3927 nuper
624 3856 745 3928 reperta.
799 3854 855 3912 Hic
878 3853 952 3912 enirn
975 3855 1089 3912 Eridem
1112 3854 1187 3913 malo
1211 3856 1352 3913 certamen
1375 3853 1502 3928 pulchrit
1523 3885 1536 3896 -

363 3944 438 4006 dinis
471 3943 609 4002 excitasse
640 3944 785 4015 narratum
819 3943 869 4002 sed
901 3960 964 4002 oum
997 3943 1092 4002 omnia
1123 3943 1234 4016 reliqua
1263 3942 1369 4017 optime
1393 3943 1537 4016 1111110]-

361 4033 486 4108 priorum
520 4034 687 4106 argumento
721 4034 890 4107 congruant,
922 4033 997 4091 hanc
1028 4049 1114 4090 unam
1147 4033 1180 4090 de
1202 4032 1278 4092 malo
1302 4032 1538 4091 narrationema

454 4242 474 4310 1)
492 4241 683 4308 Heydemaun:
703 4240 796 4294 Katal.
809 4241 849 4295 St.
864 4241 937 4309 Aug.
952 4256 978 4294 n.
994 4241 1054 4294 560.

452 4312 473 4382 ²)
493 4311 649 4394 Overbecll:¹
666 4311 725 4394 Gal.
741 4312 797 4366 her.
813 4311 920 4380 Bildw.,
939 4329 966 4366 n.
981 4313 1024 4380 54,
1044 4313 1087 4381 55,
1107 4313 1150 4380 56,
1169 4329 1195 4380 p.
1210 4311 1362 4365 222-224.

453 4383 474 4454 ³)
493 4383 605 4474 Procius
624 4383 704 4436 dlolt:
721 4383 886 4449 Ἀλέξανδρος
903 4385 1077 4451 προκρίνει
1096 4382 1143 4451 τὴν
1159 4383 1322 4451 Ἀφροδίτην.
1515 4453 1521 4470 ἱ

452 4453 474 4525 ⁴)
491 4455 694 4522 παραγιγνεσθαι
722 4455 793 4521 apud
821 4455 946 4508 Proelum
974 4470 1079 4522 semper
1107 4459 1148 4508 est
1176 4455 1318 4522 accedere,
1347 4455 1437 4508 velut:
1470 4474 1539 4522 προς

363 4526 484 4592 Νέστορα
502 4527 667 4593 παραγίνεται
686 4525 829 4588 Μενέλαος,
852 4526 970 4594 Τήλεφον
988 4527 1197 4593 παραγενόμενον
1215 4527 1252 4583 εἰς
1266 4526 1364 4594 Ἄργος.

452 4598 474 4740 23
493 4596 638 4724 atgagg&
654 4614 679 4664 p.
695 4597 737 4664 22,
756 4597 959 4723 111ξὲ117111
974 4597 1007 4652 Il.
1020 4599 1104 4654 8111.

493 4684 534 4726 1.
575 4709 580 4721 .
628 4683 714 4736 agner
732 4684 757 4735 p.
827 4709 833 4722 .
