3346 5330
849 516 1071 580 -24-

373 698 527 759 stimulare.
565 698 641 771 Ergo
659 698 809 772 strepitum
833 697 1038 772 clamoremque
1060 698 1204 773 peculiare
1227 698 1296 782 deae
1320 697 1435 772 siguum
1456 698 1543 756 fuisse

373 787 502 846 concludi
525 789 634 860 potest;
659 787 755 846 censer
777 786 818 845 sis
833 787 999 861 Vergilium,
1024 787 1122 860 quiin
1142 789 1223 847 scuto
1237 787 1417 862 depingendo
1431 787 1544 846 Homeri

376 874 494 957 ,JApryc
520 872 618 955 Ἔρις,
648 872 858 956 Κυδοιμός,
888 872 980 956 Κήρι(
1006 876 1141 936 reddidit:
1173 878 1260 948 Mars,
1285 877 1444 948 Discordia,
1467 877 1545 935 Bel·

372 967 468 1037 lona,
493 966 586 1024 Dirae.

462 1055 496 1113 In
519 1072 617 1129 pugna
639 1055 705 1129 ipsa
717 1054 838 1114 Bellona
859 1054 968 1113 uersari
991 1055 1095 1114 dicitur
1116 1055 1200 1126 LIX,
1224 1073 1252 1114 u.
1269 1059 1343 1126 297,
1367 1055 1416 1114 ubi
1433 1056 1544 1130 Tydeus

373 1144 521 1204 Bellonam
543 1161 670 1219 pugnam
693 1144 723 1202 iu
747 1161 859 1202 amnem
882 1143 1018 1203 deiecisse
1042 1144 1187 1205 exclamat.

462 1234 496 1291 In
519 1234 539 1292 l.
554 1234 588 1304 X,
600 1237 651 1290 855
675 1233 785 1292 incolae
809 1249 970 1308 supremam
992 1233 1083 1292 lucem
1105 1233 1220 1294 venisse
1242 1234 1361 1293 credunt
1383 1235 1429 1293 vel
1451 1233 1545 1293 Bello-

373 1341 440 1381 uam
463 1322 575 1382 facibus
600 1323 726 1382 cruentis
749 1325 840 1381 turres
865 1322 926 1381 solo
951 1323 1145 1396 aequaturum.

461 1412 497 1470 ln
518 1413 568 1484 XI,
578 1415 631 1468 413
645 1411 764 1471 Bellona
788 1411 967 1487 significatur
989 1429 1087 1487 pugna
1109 1412 1220 1487 iusta,
1246 1412 1351 1487 quippe
1375 1429 1447 1486 quae
1470 1413 1546 1472 faces
1623 1417 1624 1420 ’

373 1496 566 1583 restinguam)
581 1501 599 1562 i.
615 1519 638 1560 e.
655 1519 717 1560 cum
731 1502 832 1573 Marte,
847 1501 959 1561 Virtute
982 1501 1120 1574 proelium
1144 1503 1256 1561 deserat
1278 1502 1415 1561 iratribus
1432 1499 1547 1561 Eteocle

374 1592 402 1649 et
432 1590 567 1665 Polynice
600 1591 685 1649 armis
723 1590 827 1649 bellum
864 1590 1083 1652 decertantibus.
1144 1591 1215 1650 Eius
1251 1593 1349 1666 partes
1387 1592 1548 1666 suscipiunt

373 1680 472 1741 furiae.

461 1769 496 1826 In
519 1769 683 1839 1.V11,805
706 1769 796 1827 terrae
828 1769 923 1826 motus
956 1769 1139 1828 conferuntur
1169 1787 1233 1829 cum
1260 1769 1379 1830 Bellona
1414 1787 1547 1850 „pugnas

374 1857 459 1932 super
482 1874 604 1932 aequora
626 1857 771 1929 miscente,
796 1858 957 1932 contempto
981 1855 1083 1918 mari“.

462 1947 608 2006 Postremo
631 1947 732 2006 Martis
757 1947 858 2022 auriga
880 1947 948 2006 ficte
971 1949 1015 2006 est
1037 1947 1068 2006 in
1090 1947 1109 2010 l.
1124 1948 1239 2008 VH73:

909 2100 1004 2179 „regit
1030 2102 1094 2159 atra
1115 2100 1227 2175 iugales

546 2186 550 2194 ’
587 2187 745 2352 ῑῖιζξξιέἑιοέ
767 2188 888 2248 Bellona
909 2206 995 2248 manu
1017 2190 1161 2265 longaque
1183 2189 1289 2265 fatigat

372 2506 375 2510 ι
464 2430 555 2498 Quam
578 2429 731 2504 imaginem
753 2429 850 2488 nescio
875 2447 913 2488 an
937 2446 970 2488 ex
993 2431 1090 2489 eodem
1107 2431 1186 2490 fonte
1199 2431 1337 2504 hauserit,
1361 2431 1435 2490 uude
1449 2431 1549 2491 Silius.
1644 2486 1645 2505 ,

463 2519 582 2577 (tursum
605 2519 786 2578 deflectamus
810 2519 847 2576 ad
868 2518 1048 2590 Amanum,
1073 2520 1122 2593 qui
1145 2538 1242 2580 versus
1266 2521 1349 2580 Arati
1373 2516 1464 2602 (125):
1644 2518 1645 2525 '

683 2667 737 2730 καὶ
761 2667 800 2750 δή
824 2691 887 2731 που
911 2667 1044 2750 πόλεμοι
1066 2668 1121 2731 καὶ
1144 2669 1293 2752 ἀνάρσιον
1316 2670 1388 2752 εἷμα

534 2757 653 2819 ἔσσεται
676 2756 884 2839 ἀνθρώποισι,
907 2763 1019 2827 κακοῖς
1043 2757 1069 2820 d’
1099 2758 1280 2823 ἕπιιιείσειαι
1303 2759 1398 2842 ἄλγος

462 2910 493 2968 iu
507 2911 587 2969 Aret.
603 2929 629 2971 v.
641 2914 703 2972 333
729 2911 770 2970 sic
794 2911 940 2970 euomavit
963 2906 1062 2994 (verba
1076 2913 1144 2972 sunt
1156 2884 1288 2972 iustitiae
1306 2914 1422 2989 pupulis
1445 2932 1549 2989 argen-

374 3000 437 3058 teae
460 2999 563 3058 aetatis
587 2999 733 3076 degeneris
756 2996 944 3083 minitantis):

992 3147 1126 3204 nascetur
1148 3145 1232 3204 vilior
1255 3147 1335 3205 aetas

588 3234 617 3290 et
638 3233 764 3291 lacerata
787 3250 877 3307 genas
900 3233 955 3292 ibit
977 3233 1097 3294 Bellona
1119 3251 1170 3308 par
1191 3235 1276 3294 urbes

589 3322 694 3394 saucia,
719 3324 752 3380 ut
774 3322 879 3382 infidas
903 3323 1015 3398 agitent
1038 3324 1192 3396 certamina
1213 3323 1327 3384 mentis.
1413 3401 1419 3407 ἱ

463 3473 501 3530 Et
523 3472 570 3532 hic
586 3473 706 3532 Bellona
728 3473 843 3549 propria
864 3473 1003 3534 bellorum
1026 3476 1134 3535 auctor.
1173 3475 1257 3535 Nora
1272 3475 1424 3535 attributa:
1452 3477 1549 3555 „lace-

375 3564 438 3620 rata
461 3579 560 3636 genas,
586 3559 714 3633 saucie,“
740 3579 813 3637 quae
835 3564 866 3622 iu
885 3564 1048 3624 memoriam
1061 3565 1202 3624 reducunt
1216 3565 1381 3624 Discordiae
1396 3561 1549 3648 (Petronii)

376 3653 404 3709 ct
427 3651 563 3712 furiarum
587 3652 792 3727 descriptiones
816 3653 892 3712 varie
916 3671 934 3712 a
955 3655 1042 3713 uariis
1066 3653 1201 3716 excultas.

465 3738 590 3799 Similem
622 3741 652 3799 in
684 3742 798 3801 modum
830 3742 962 3817 Dionysii
993 3743 1134 3818 Periegcs.
1158 3761 1184 3802 v.
1213 3747 1298 3806 1150
1325 3745 1438 3803 Baccho
1467 3744 1549 3803 Indis

375 3829 480 3888 bellum
512 3830 648 3890 inferente
682 3831 904 3905 circumscripsit
935 3831 1062 3891 Avienus
1094 3833 1256 3904 IH,1362.
1283 3879 1289 3892 .
1316 3879 1322 3892 .
1346 3833 1458 3908 vipereo
1490 3834 1549 3893 late

377 3918 498 3978 Bellona
520 3919 635 3995 flagello
658 3921 786 3994 increpat
809 3938 832 3979 e.
848 3938 876 3994 q.
892 3938 915 3978 s.

465 4009 658 4090 Sanguineum
680 4009 800 4085 Vergilii
831 4009 977 4084 flagellum
1009 4010 1056 4068 hic
1088 4010 1176 4069 cessit
1207 4011 1344 4070 furiarum
1375 4011 1432 4071 telo
1455 4012 1548 4071 horri-

375 4091 466 4181 bilifl)

466 4352 486 4419 ¹)
504 4349 671 4434 SicAthena
684 4313 882 4418 Eirencphoros
893 4351 981 4406 facem
995 4351 1159 4421 restinguit:
1179 4352 1321 4407 Paciaudi:
1335 4353 1406 4408 Mon.
1417 4352 1445 4406 di
1455 4354 1547 4422 Pelcp.

376 4423 398 4490 1³
418 4439 443 4490 p·
459 4423 698 4562 3²)5'deldhldllffdde
712 4422 991 4575 nTliysdddddddadribuit
1005 4494 1144 4562 vipereum
1159 4495 1307 4564 flagellum.
1337 4495 1377 4550 Cf.
1393 4497 1452 4550 Seu.
1468 4496 1548 4550 Herc.

376 4565 619 4704 {ffistellonnus
638 4565 782 4633 Megaerae
810 4564 886 4620 dedit
914 4566 1045 4634 ἱμάσθλην
1063 4566 1231 4635 ἑχιδνήεσσαν
1249 4567 1283 4636 Χ,
1302 4581 1340 4635 ae,
1368 4567 1481 4636 XXXII,
1500 4581 1547 4636 roa,
