3346 5330
607 529 830 592 -31-

130 708 201 766 cesti
226 709 418 783 descriptione
442 709 590 768 refutatur.
637 709 699 766 Iam
722 708 824 768 dixerit
847 708 1000 782 quispiam,
1032 726 1096 767 cum
1119 709 1193 780 Eris,
1221 709 1305 782 Alke,

127 799 195 856 loire
219 815 281 857 nou
304 797 398 873 effigie
420 798 504 857 lictae
528 799 596 867 sint,
628 797 701 856 satis
724 798 825 856 mimm
848 815 919 869 esse,
953 798 1029 872 quod
1052 798 1194 873 Gorgonis
1217 801 1305 872 caput

129 888 215 960 poeta
241 905 304 946 cum
327 887 364 946 iis
387 887 578 958 coniunxerim
612 887 662 946 sed
689 886 803 946 disertis
827 886 921 946 verbis
945 904 1121 962 gorgoneum
1145 887 1305 946 adnectitur

128 976 158 1033 ut
181 993 291 1035 novum
310 977 417 1050 aliquid
431 977 516 1050 idque
531 975 732 1051 gravissimum
746 970 792 1058 (έν
816 972 852 1035 δέ
873 1009 917 1020 -
940 973 973 1036 έν
997 972 1033 1036 δέ
1056 1009 1098 1019 -
1122 974 1160 1036 έν
1184 973 1223 1036 δέ
1244 971 1302 1057 τε).

126 1065 232 1138 ltaque
264 1065 295 1124 iu
327 1066 470 1124 sententia
501 1081 565 1124 mea
595 1081 753 1139 persevero.
806 1065 845 1124 lit
866 1067 968 1140 postea
991 1065 1148 1124 videbimus
1172 1066 1304 1125 omnibus

125 1153 199 1212 locis
208 1149 245 1236 ¹),
270 1155 373 1228 quibus
397 1153 582 1214 daemonibus
605 1154 635 1213 iu
659 1155 740 1214 scuto
764 1153 886 1220 inclusis
910 1154 1026 1214 effectus
1051 1155 1141 1214 oculis
1156 1155 1302 1229 subiciun-

124 1245 183 1314 tur,
210 1261 261 1302 eos
283 1261 426 1318 nusquam
450 1243 611 1303 accuratius
634 1242 756 1302 describi
773 1243 872 1314 solere,
897 1243 972 1318 quod
990 1244 1037 1302 vir
1051 1244 1303 1318 omisissatpoeta,

125 1331 151 1390 si
175 1332 320 1407 imagines
344 1333 470 1392 caelatas
495 1333 551 1393 sibi
573 1332 712 1394 fluxisset.
1115 1325 1117 1328 ’

219 1421 326 1482 Iterum
348 1423 413 1482 Eris
436 1423 576 1498 proelium
598 1421 735 1482 incitasse
758 1421 862 1480 dicitur
885 1417 960 1482 Aa:

291 1569 373 1642 Ζεὺς
397 1571 424 1634 d'
446 1569 558 1654 Ἔριδα
581 1570 728 1654 apaturiis
751 1569 834 1640 θοὰς
856 1570 906 1633 ἐπὶ
929 1577 1007 1654 νῆας
1023 1570 1162 1653 Ἀχαιῶν

292 1661 457 1743 ἀργαλέην,
481 1659 632 1741 πολέμοιο
655 1661 746 1742 τέρας
768 1659 845 1741 μετὰ
868 1659 975 1742 χερσὶν
998 1661 1143 1742 ἔχουσαν,

124 1814 231 1874 deinde
255 1815 285 1874 in
307 1833 379 1874 nave
402 1814 493 1874 Ulixis
517 1814 663 1874 consistit:

292 1965 372 2029 ἔνθα
396 1965 481 2028 στᾶσ’
507 1964 585 2045 ἤυσε
607 1961 669 2026 θεὰ
691 1964 773 2045 μέγα
796 1987 828 2026 τε
852 1962 954 2027 δεινόν
977 1987 1009 2026 τε
1158 2019 1159 2024 ,

291 2055 388 2137 ὄρθι’,
404 2054 576 2137 Ἀχαιοῖσιν
600 2051 634 2115 δέ
656 2054 738 2134 μέγα
761 2053 875 2122 σθένος
898 2053 1010 2136 ἔμβαλ’
1035 2077 1065 2116 ιι.
1079 2075 1103 2116 τ.
1117 2053 1143 2118 l.

17 2257 19 2266 ,
220 2207 276 2278 oui
298 2209 353 2269 hoc
375 2209 558 2284 prooemium,
581 2225 650 2266 uum
673 2223 725 2266 suo
747 2207 810 2267 icco
835 2207 874 2266 sit
895 2207 941 2266 uel
964 2207 1089 2281 genuina
1102 2207 1202 2266 iliadis
1224 2225 1302 2282 pars,

17 2297 18 2300 ’
123 2299 303 2369 pertractare
335 2299 472 2370 studebit,
505 2298 657 2357 crabrones
688 2296 800 2354 irritare
832 2295 987 2368 videbitur;
1025 2297 1075 2354 aad
1111 2296 1202 2355 fateor
1233 2297 1303 2356 mihi

124 2385 212 2444 raldo
244 2387 374 2446 arrisisse
397 2379 637 2466 FriedIaenderi²)
671 2385 841 2460 opinionem,
875 2385 924 2460 qui
955 2387 1047 2444 totum
1071 2385 1194 2444 colorem
1216 2387 1301 2446 huius

124 2475 286 2548 particulae
309 2477 446 2550 prooemii
469 2493 531 2536 esse
555 2475 625 2534 dicit
648 2475 781 2534 carminis
805 2475 951 2534 cuiusdam
975 2474 1033 2533 sive
1057 2475 1091 2533 de
1111 2475 1226 2550 regibus
1241 2476 1302 2534 vul·

124 2567 238 2623 neratis
271 2566 421 2640 compositi
453 2566 512 2625 sive
545 2565 578 2623 de
610 2581 709 2638 pugna
742 2565 819 2638 apud
850 2581 936 2623 nares
967 2563 1127 2622 commissa.
1176 2565 1302 2634 Quocum
1400 2611 1401 2616 ,

125 2653 212 2713 initio
246 2655 351 2728 optime
384 2655 517 2730 congruit
548 2652 619 2712 Eris
646 2671 664 2711 a
695 2654 763 2718 Iove
778 2701 780 2706 .
795 2653 893 2724 missa,
926 2654 959 2710 ut
988 2641 1098 2711 animos
1126 2653 1303 2712 Achaeorum

18 2813 19 2820 χ
124 2739 242 2818 ingenti
265 2745 385 2803 clamore
409 2739 605 2804 inflammaret.
654 2741 728 2812 Quid
751 2741 790 2800 sit
812 2733 966 2820 πολέμοιο
989 2740 1088 2820 τέρας.
1118 2743 1193 2816 quod
1215 2761 1302 2801 mauu

125 2833 230 2890 tenens
254 2833 366 2904 dicitur,
399 2851 456 2894 nou
488 2833 572 2892 modo
599 2833 716 2890 nostrae
739 2830 841 2890 aetatis
865 2831 917 2890 viri
941 2831 1016 2890 docti
1039 2831 1114 2890 inter
1137 2849 1167 2890 se
1190 2831 1302 2891 dissen-

18 2925 19 2932 ’
126 2924 239 2981 serunt.
281 2923 305 2981 E
329 2917 479 3004 scholiisss)
503 2923 536 2980 de
560 2921 809 2996 grammaticorum
832 2921 982 2980 sententiis
1005 2921 1076 2979 haec
1100 2920 1299 2994 comperimus:

127 3007 186 3070 ὅτι
212 3009 365 3091 πολέμοιο
396 3011 488 3090 τέρας
519 3007 574 3071 τὸν
606 3006 914 3089 εἶδωλοτιοιούμενον
943 3007 1093 3087 πόλεμον,
1126 3005 1181 3069 τὸν
1209 3030 1300 3090 ποιη-

17 3099 19 3142 ³.
126 3096 216 3160 τικὸν
247 3104 302 3161 τοῦ
336 3099 565 3180 ένεργουμένου
597 3096 738 3178 πολέμου
762 3097 860 3158 ...οἱ
892 3096 926 3158 δὲ
955 3095 1117 3178 ἀστραπὴν
1132 3129 1138 3157 .
1155 3145 1160 3157 .
1176 3097 1223 3166 ὡς
1249 3097 1303 3159 καὶ

122 3186 361 3269 Ἀριστοφάνης,
377 3237 383 3249 .
399 3237 405 3250 .
423 3187 652 3255 ,Ἀπολλώνιος
681 3185 715 3248 di
741 3185 795 3248 τὸν
823 3184 990 3266 Κυδοιμὸν
1006 3233 1011 3246 .
1029 3235 1035 3247 .
1052 3237 1058 3248 .
1074 3186 1105 3247 οἱ
1132 3183 1166 3248 δὲ
1192 3184 1228 3248 τὸ
1257 3187 1300 3258 ξί-

127 3299 192 3357 φος
207 3324 214 3337 .
229 3325 236 3338 .
251 3276 282 3338 οἱ
305 3275 339 3340 δέ
362 3275 522 3359 λαμπάδα.
570 3277 664 3336 Prima
695 3277 768 3336 ratio
792 3270 986 3358 Aristarchi4)
1018 3276 1150 3334 uimimm
1183 3294 1301 3350 prorsus

128 3367 278 3426 abicienda
302 3370 359 3441 est;
383 3387 398 3428 e
421 3368 515 3428 verbis
539 3367 626 3426 euim:
659 3362 737 3446 μετὰ
760 3363 866 3446 χερσὶν
889 3363 1005 3445 ἔχουσα
1029 3365 1165 3424 discimus
1189 3366 1301 3424 Eridem

127 3474 159 3516 re
183 3473 250 3516 vera
272 3457 380 3531 aliquid
403 3458 433 3516 in
457 3457 588 3516 manibus
603 3459 743 3531 gestasse,
768 3473 823 3530 quo
836 3457 1000 3530 pugnantes
1014 3455 1156 3515 excitaret.
1195 3455 1300 3512 Eadem

128 3546 163 3604 de
197 3563 285 3605 causa
307 3547 491 3620 Apollonium
522 3545 678 3606 mittamus.
733 3545 819 3606 Nunc
852 3545 964 3619 quidem
991 3537 1150 3626 pleriquell
1174 3543 1302 3618 aegidem

128 3635 188 3694 dici
212 3635 397 3708 arbitrantur,
427 3635 506 3710 quod
528 3634 558 3693 in
582 3651 616 3693 ea
639 3634 781 3710 Gorgonis
804 3636 891 3708 caput
913 3635 1009 3692 fictum
1034 3633 1073 3692 sit
1096 3629 1171 3700 Διὸς
1193 3631 1301 3713 τέρας

127 3721 283 3802 αἰγιόχοιο
315 3718 361 3806 (Ε
374 3722 453 3806 740);
486 3723 637 3782 infeliciter
668 3740 729 3790 meo
762 3723 866 3782 iudicio
898 3724 974 3782 hunc
1005 3723 1099 3781 locum
1131 3723 1298 3793 attulerunt,

127 3812 215 3886 plane
234 3813 317 3872 'aliud
340 3815 414 3873 enim
438 3815 483 3872 est
505 3809 657 3892 πολέμοιο
679 3811 770 3892 τέρας
794 3829 827 3872 ao
846 3807 921 3878 Διὸς
943 3809 1043 3890 τέρας.
1086 3811 1199 3871 Putarit
1222 3812 1301 3887 quis-

126 3901 207 3976 piam
230 3902 334 3974 Iovem,
368 3904 417 3977 qui
439 3903 554 3961 Endera
576 3901 709 3972 mitteret,
741 3901 869 3976 aegidem
893 3901 918 3960 ei
941 3903 1100 3960 mutuatum
1123 3919 1195 3972 esse,
1224 3901 1302 3960 velut

127 3991 259 4065 Apollini
281 3993 341 4064 XV,
352 3997 419 4064 3073
449 3993 500 4051 sed
523 4009 587 4049 curu
609 3992 664 4050 hoc
687 4008 815 4066 pugnare
837 3991 947 4049 videtur
968 4008 1027 4050 uon
1051 3990 1126 4065 quod
1149 3989 1214 4049 Eris
1237 3990 1302 4064 ipsa

175 4289 207 4343 61
261 4215 1301 4286 v.0d0fr.l1illler:archaeol.Viudicationd.Herakleeschildes,Kl.Schr.iI,

128 4306 155 4358 p.
228 4332 235 4344 .

231 4217 241 4288 )

230 4361 240 4432 )
259 4360 311 4444 Die
330 4361 431 4416 homer.
450 4360 555 4430 Kritilr,
574 4377 600 4430 p.
615 4361 657 4419 39.
694 4375 720 4414 v.
734 4347 907 4427 Bernhardy:
926 4359 1043 4413 Grundr.
1058 4360 1134 4429 11³1,
1153 4377 1179 4428 p.
1195 4360 1254 4417 165.

111 4533 113 4538 ,
218 4435 240 4574 *ζ
258 4432 503 4558 RITmsItorliicffleg
516 4503 624 4570 Friedl,
643 4518 669 4571 p.
685 4501 745 4557 185.
1122 4561 1126 4568 .

128 4576 239 4704 Heme?
254 4575 438 4702 ἐξοπτήσεις
457 4575 652 4644 Naegelsbach.
668 4575 746 4629 Hom.
761 4573 864 4642 Theoi,
884 4591 910 4642 p.
925 4575 967 4628 96.
1001 4573 1147 4642 Gcettling
1160 4573 1222 4628 adn.
1232 4579 1300 4628 scut.
