3346 5330
599 458 819 524 ..11-

125 641 201 714 quod
232 641 287 700 hoc
319 640 442 700 carmina
464 642 560 715 po'eta,
593 659 658 700 cum
680 641 711 700 in
734 643 814 701 scuto
838 642 978 716 imagines
1001 642 1149 702 numinum
1172 640 1295 723 Δεῖμος,

127 726 246 810 Φόβος,
263 725 357 808 Ἔρις
380 747 528 805 expressas
547 731 667 805 fingeret
679 748 732 790 nec
745 748 804 790 non
818 728 993 811 Κυδοιμόν,
1017 749 1100 806 quem
1114 729 1296 813 Διομήδους

124 817 278 898 ἀριστείας
300 821 400 879 auctor
422 820 520 894 Enyus
545 821 674 879 comitem
697 821 814 892 dixerat,
844 823 929 894 atque
954 839 1017 880 cum
1039 821 1191 896 inpugna
1213 841 1295 882 enar·

123 909 213 967 rande
245 904 361 987 Δεῖμον
394 910 422 968 et
448 905 557 988 Φόβον
580 909 666 968 Marti
699 909 826 970 subsidio
861 912 1041 970 accurrentes
1069 911 1182 983 faceret,
1215 911 1295 986 Enyo

123 1014 182 1057 non
207 998 435 1057 commemoravit
456 999 490 1058 ut
513 999 693 1058 excellentem
716 999 790 1058 inter
811 1016 908 1058 omnes
922 999 1022 1059 Martis
1038 1000 1164 1072 comites,
1188 1002 1243 1060 hac
1266 1001 1295 1060 in

123 1105 153 1145 re
177 1088 376 1162 argumentum
398 1105 432 1146 ex
455 1087 568 1147 silentio
593 1089 714 1162 quidem,
747 1091 780 1147 ut
802 1089 892 1161 aiunt,
922 1091 1036 1163 captum
1058 1089 1152 1148 inesse
1176 1091 1297 1150 arbitror
1415 1101 1427 1116 “

122 1178 238 1252 poetam
261 1177 342 1252 Enyo
367 1177 481 1237 omnino
504 1195 563 1237 non
585 1173 739 1254 novisse.²)
784 1178 881 1238 Etiam
909 1179 963 1237 hac
986 1178 1075 1254 igitur
1097 1179 1208 1240 ratione
1231 1197 1295 1238 sen·

122 1266 216 1324 tentia
238 1283 300 1325 mea
323 1267 357 1324 de
381 1266 492 1326 diversa
513 1267 629 1341 Enyalii
652 1269 681 1326 ot
702 1268 801 1342 Enyus
825 1267 935 1342 origine
959 1268 1166 1342 comprobatur.

213 1356 349 1415 Attamen
372 1356 523 1430 utrumque
546 1373 649 1416 noman
672 1356 709 1415 ab
732 1357 839 1429 eadem,
872 1359 905 1416 ut
926 1357 968 1417 ita
1000 1357 1101 1428 dicam,
1136 1358 1225 1432 stirpe
1249 1376 1296 1417 ex·

123 1446 221 1503 ortum
253 1462 316 1504 esse
348 1445 431 1504 facile
464 1463 496 1505 eo
528 1445 628 1520 liquet,
662 1446 738 1520 quod
768 1446 893 1505 litteram
924 1467 943 1506 υ
976 1448 1004 1505 et
1035 1447 1113 1506 vocis
1132 1443 1237 1507 Ἐνυώ
1270 1449 1298 1506 et

117 1529 282 1602 Ἐνυάλιος
312 1533 449 1608 producte
481 1535 581 1594 dicunt
612 1537 647 1594 ad
679 1553 767 1594 unum
791 1553 897 1606 omnes,
932 1553 995 1594 oum
1019 1536 1097 1594 aliud
1119 1537 1235 1595 verbum
1259 1537 1295 1596 ab

123 1627 178 1683 ενῦ
202 1624 361 1697 profectum
382 1624 544 1684 noverimus
567 1625 685 1686 nullum.
722 1625 832 1704 Itaque,
856 1642 927 1699 quae
950 1625 1036 1684 fuerit
1058 1625 1136 1684 notio
1156 1626 1298 1685 communi

123 1712 219 1787 stirpi,
253 1713 400 1772 enucleare
424 1729 538 1787 operam
560 1713 695 1773 dantibus
718 1714 805 1789 paulo
829 1715 944 1773 uberius
967 1714 1173 1848 anquirendum
1197 1717 1241 1774 est
1263 1716 1297 1775 de

43 1821 47 1832 ·
121 1801 257 1877 Enyalio,
282 1803 422 1876 quomodo
446 1805 603 1878 usurpatus
628 1804 674 1865 sit

213 1891 326 1966 Duplex
347 1894 428 1966 patet
400 1893 534 1964 aratio,
560 1911 616 1967 qua
638 1894 756 1952 Martem
771 1893 925 1967 Enyalium
948 1892 1053 1952 dictum
1076 1841 1222 1967 putemus:
1248 1896 1298 1953 aut

121 1980 294 2055 Enyalius
286 1998 349 2054 ipse
371 1981 427 2040 fuit
448 1981 517 2041 belli
540 1983 609 2042 dens
634 1983 757 2057 quidam,
791 1983 921 2042 socordia
952 1981 1117 2042 recentioris
1148 1983 1211 2042 aevi
1235 2000 1297 2042 cum

121 2070 215 2129 Marte
239 2071 386 2142 confusus,
411 2072 461 2130 aut
483 2071 585 2130 Martis
610 2073 751 2146 quoddam
773 2072 918 2146 proprium
941 2072 996 2130 hoo
1019 2072 1186 2146 cognomine
1206 2072 1297 2174 signi-

121 2160 234 2218 ficatur.
280 2160 376 2260 Atque
398 2160 550 2262 Eupalium
574 2180 592 2220 a
613 2162 706 2221 Marte
729 2161 871 2220 diversum
893 2177 1020 2236 unquam
1050 2161 1194 2221 exstitisse
1217 2162 1297 2236 equi·

121 2250 186 2308 dem
220 2248 333 2308 omnino
366 2267 450 2324 nego,
484 2250 539 2309 etsi
571 2251 711 2310 nonnulla
742 2253 857 2351 praesto
891 2252 960 2309 sunt
985 2250 1159 2322 testimonia,
1193 2251 1298 2325 quibus

122 2337 272 2398 distinctio
297 2340 476 2414 comprobari
497 2340 618 2398 videtur.
656 2340 726 2399 At
718 2358 776 2398 ram
797 2341 829 2398 in
842 2339 959 2398 Homeri
972 2339 1063 2398 iliade
1083 2342 1142 2398 tam
1165 2340 1263 2400 definit
1251 2343 1298 2400 tus

121 2429 244 2503 apparet
266 2445 336 2487 usus
360 2428 440 2488 vocis
459 2424 630 2499 Ἐνυάλιος,
663 2432 697 2488 ut
728 2446 784 2488 uuo
811 2431 923 2488 tantum
946 2423 1041 2511 loco²)
1065 2429 1167 2488 Martis
1189 2430 1298 2489 nomini

121 2517 223 2576 addita
246 2517 293 2588 sit,
319 2517 420 2577 ceteris
442 2519 547 2592 ubique
570 2535 622 2592 pro
636 2520 727 2578 Marte
750 2513 893 2598 posita33)
916 2518 1030 2578 maximi
1053 2521 1147 2577 autem
1163 2521 1297 2578 momenti

121 2609 168 2667 est
191 2602 225 2666 Σ
236 2624 262 2665 v.
279 2608 353 2678 309,
377 2607 428 2666 uhi
450 2608 638 2682 metonymice
661 2609 768 2668 dictum
792 2609 848 2667 est:
883 2605 977 2678 ξυνὸς
992 2603 1158 2675 Ἐνυάλιος
1186 2606 1243 2668 καί
1266 2630 1298 2669 τε

120 2694 293 2757 κτανέοντα
315 2695 454 2758 κατέκτα.
500 2697 578 2756 Talis
610 2697 699 2772 igitur
731 2699 776 2757 est
802 2697 880 2756 vocis
904 2698 1089 2768 consuetudo,
1121 2699 1154 2756 ut
1184 2700 1298 2772 poetam

120 2805 158 2846 ne
191 2785 339 2845 minimum
372 2786 485 2862 quidem
517 2786 643 2847 sensisse
675 2787 826 2846 discrimen
857 2787 932 2846 inter
954 2788 1072 2845 Martem
1096 2789 1125 2845 et
1147 2787 1298 2861 Enyahum

121 2875 197 2936 satis
220 2875 337 2950 liqueat.

215 2965 270 3024 Sed
292 2964 385 3024 trihus
408 2963 480 3024 locis
502 2965 593 3040 primo
617 2966 719 3025 obtutu
741 2965 816 3024 inter
838 2983 868 3024 se
891 2965 996 3024 diversi
1012 2964 1152 3036 videntur,
1178 2982 1298 3040 quorum

121 3047 507 3136 uu0s⁴)01imomendatos
539 3055 702 3128 mittamus;
735 3073 792 3115 uno
824 3055 908 3114 tortio
942 3053 1102 3113 disiunctos
1135 3055 1299 3114 statuerunt

122 3144 211 3204 etiam
242 3143 263 3202 ii
295 3143 350 3202 viri
381 3137 497 3224 docti‚⁶)
529 3143 578 3218 qui
610 3145 765 3204 novissime
796 3145 850 3203 hac
882 3144 916 3202 de
943 3161 973 3202 re
996 3145 1122 3218 egerunt.
1167 3145 1299 3218 Agedum

122 3234 287 3293 evolvamus
310 3232 542 3307 Aristophanem,
566 3234 631 3295 Pac.
655 3253 681 3292 v.
707 3238 784 3294 457:
810 3235 954 3308 Trygaeus
979 3233 1064 3292 choro
1088 3233 1204 3292 iubente
1227 3235 1298 3292 haee

120 3321 245 3399 profert:

215 3408 244 3491 ἰὴ
269 3407 299 3492 ἰὴ
323 3409 427 3472 τοίνυν
448 3408 551 3491 μόνον
574 3409 656 3491 λέγω

211 3496 313 3580 Ἑρμῇ
335 3497 471 3579 Χάρισιν
487 3495 630 3580 Ὥραισιν
648 3497 816 3580 Ἀφροδίτῃ
841 3495 959 3578 Πόθῳ.

216 3590 338 3649 Chorus:
356 3586 441 3668 Ἄρει
465 3587 500 3650 δὲ
522 3589 578 3670 μή.
624 3591 686 3649 Tm:
709 3588 763 3670 μή.

216 3679 280 3738 Oh:
304 3675 381 3762 μηδ’
403 3674 559 3760 Ἐνυαλίῳ
583 3700 624 3758 γε.
670 3680 731 3739 Tr:
755 3677 809 3758 μή.

215 3767 353 3842 Equidem
375 3786 411 3827 ne
434 3768 501 3827 huic
526 3768 638 3842 quidem
660 3768 723 3828 loco
746 3768 836 3826 ullam
858 3767 916 3826 vim
938 3767 1033 3826 inesse
1056 3783 1224 3841 persuasum
1246 3768 1299 3826 ha-

123 3859 188 3929 heo,
214 3859 319 3933 quippe
343 3857 391 3931 qui
414 3858 487 3916 verti
510 3858 615 3931 possit:
640 3858 700 3916 noli
724 3858 840 3916 adorare
854 3856 973 3915 Martem
990 3873 1058 3915 neve
1072 3856 1224 3931 Eupalium
1238 3856 1257 3914 i.
1273 3875 1297 3915 e.

123 3949 246 4006 Martem
268 3945 429 4021 Eupalium.
485 3947 574 4005 Immo
607 3947 756 4006 ridiculum
788 3946 897 4019 aliquid
930 3948 958 4004 et
985 3947 1070 4019 poeta
1093 3946 1199 4005 comico
1222 3946 1300 4004 haud

124 4036 275 4112 indignum
306 4035 496 4110 Aristophani
527 4035 641 4095 restitui
673 4038 756 4110 puto,
790 4053 854 4094 cum
885 4052 973 4093 unum
1006 4036 1179 4109 eundemque
1210 4035 1299 4094 fuisse

217 4225 239 4295 ¹)
257 4224 349 4279 Etiam
363 4225 497 4281 Hesiodus
511 4242 565 4281 nou
579 4224 661 4280 affert
674 4223 827 4294 Eupalium,
844 4239 939 4280 verum
952 4225 1037 4294 Enyo,
1056 4224 1161 4280 scilicet
1175 4224 1299 4282 Greeam.

215 4296 237 4399 ζ)
255 4297 334 4437 φοί,
343 4368 374 4421 N
381 4381 428 4437 ere,
447 4369 530 4437 Bam,
549 4369 580 4422 X
586 4383 633 4422 rea

215 4437 228 4471 ⁴
256 4439 325 4495 Poll
336 4439 485 4494 VIHaoe'
477 4455 507 4493 111
531 4440 695 4508 epheborum
717 4439 892 4494 iureiurando
916 4455 941 4494 v.
958 4439 1142 4494 Prodat-‚Eeb
1156 4439 1179 4508 I,
1198 4456 1223 4507 p.
1239 4440 1298 4507 338,

124 4511 228 4579 adml,
248 4509 416 4566 cf.Loheclx:
435 4507 470 4565 ad
488 4510 700 4580 Soph.Ai.179.

216 4581 395 4653 ⁶)Robertl.
410 4583 428 4637 l.
465 4528 540 4638 Samp
546 4582 640 4638 Wide:
660 4582 830 4638 Lakonischc
848 4583 942 4652 Kulte,
962 4599 988 4651 p
1005 4582 1064 4636 149.
