3346 5330
629 937 785 1036 Erisff)

205 1159 329 1218 Prorsus
352 1159 465 1220 diversa
487 1161 524 1218 ab
538 1159 619 1234 Enyo
643 1160 738 1232 atque,
763 1157 817 1217 etsi
837 1158 993 1218 maioribus
1006 1159 1138 1232 partibus
1153 1160 1291 1236 fungitur,

111 1247 205 1306 multo
240 1248 383 1308 inferioris
414 1249 521 1309 ordinis
544 1248 610 1308 Eris
638 1249 692 1318 est,
725 1264 811 1320 quam
833 1246 1013 1306 Discordiam
1036 1249 1140 1308 vocant
1161 1251 1291 1310 Romani.

112 1336 226 1396 Iterum
250 1339 286 1398 ab
300 1337 418 1398 Homeri
442 1337 614 1400 carminibus
636 1336 871 1411 proficiscendum
895 1338 948 1408 est,
973 1337 1078 1412 quippe
1093 1339 1195 1412 quibus
1208 1339 1291 1398 testi·

112 1427 216 1484 monia
248 1428 410 1502 antiquiora
440 1445 532 1502 neque
563 1428 685 1502 praesto
716 1425 775 1510 sint
809 1443 900 1500 nequa
937 1443 1064 1500 unquam
1100 1427 1289 1486 inveniantur.

111 1515 212 1588 Atque
237 1517 433 1590 quaestionem
455 1517 498 1576 ita
521 1515 644 1586 institui,
668 1516 701 1573 ut
724 1514 848 1588 singulis
862 1515 935 1574 locis
948 1516 1130 1590 perlustratis
1145 1516 1290 1590 propriam

110 1605 261 1664 notionem
285 1607 384 1666 elicere
408 1623 537 1678 conarer;
562 1622 618 1679 qua
640 1605 670 1663 in
693 1621 733 1675 re,
758 1603 839 1662 cuius
863 1605 967 1664 aetatis
991 1605 1110 1679 quisque
1132 1603 1212 1664 locus
1228 1623 1290 1666 esso

110 1693 256 1766 rideatur,
290 1697 326 1754 ad
357 1696 453 1755 vivum
481 1711 609 1762 resecare
631 1693 721 1764 nolui,
754 1693 877 1767 primum
901 1694 1034 1768 quoniam
1056 1693 1087 1751 id
1109 1694 1185 1768 quod
1207 1694 1290 1754 inda-

110 1786 223 1856 garunt
254 1785 308 1843 viri
340 1785 416 1844 docti
447 1801 512 1843 raro
540 1800 590 1858 pro
615 1785 690 1842 certo
714 1782 833 1841 vendere
855 1782 932 1854 licet,
966 1799 1039 1842 nova
1062 1785 1156 1842 autem
1179 1783 1290 1844 adicere

109 1871 204 1932 tironi
227 1873 275 1932 vix
297 1875 457 1948 contingat,
482 1873 582 1932 deinde
606 1872 681 1946 quod
702 1889 760 1932 non
784 1871 904 1930 multum
927 1872 1002 1932 valet
1023 1873 1060 1931 ad
1074 1875 1202 1932 nostram
1215 1891 1288 1946 rem3

110 1978 171 2020 non
197 1963 278 2022 onim
296 1965 355 2022 tam
379 1963 491 2023 diversa
514 1961 639 2036 singulis
662 1961 734 2020 locis
757 1961 853 2020 Eridis
876 1961 970 2036 imago
996 1964 1125 2036 apparet,
1151 1964 1184 2020 nt
1207 1963 1288 2034 scire,

109 2052 210 2110 utrum
233 2052 322 2126 priori
345 2070 383 2112 an
404 2052 556 2127 posteriori
579 2067 647 2110 aevo
671 2068 771 2110 versus
793 2051 937 2110 tribuendi
960 2051 1028 2124 sint,-
1052 2051 1176 2114 intorsit.
1210 2052 1287 2128 Ergo

111 2141 321 2200 sententiamm
345 2153 480 2201 conexum
502 2143 625 2212 tantum,
660 2157 714 2215 quo
737 2140 794 2200 ioci
817 2140 917 2199 inserti
941 2141 1009 2212 sint,
1044 2140 1183 2216 stringere
1216 2143 1289 2202 satis

110 2229 280 2292 habeamus.

203 2321 259 2379 Ter
282 2322 516 2380 commemoratur
539 2319 606 2378 Eris
628 2319 659 2378 in
683 2336 717 2377 ea
738 2319 830 2391 parte,
854 2318 888 2376 de
912 2334 969 2391 qua
992 2335 1079 2392 supra
1110 2319 1167 2378 iam
1190 2319 1289 2394 dispu-

110 2409 249 2482 tavimus,
282 2410 427 2470 Diomedis
460 2407 605 2488 ἀριστείᾳ,
629 2404 727 2477 Δ440,
750 2403 784 2466 E
791 2409 852 2476 518,
868 2410 928 2464 740.
973 2407 1069 2465 Primo
1092 2407 1155 2467 loco
1179 2410 1288 2484 spectes
1401 2399 1404 2404 ’

112 2498 298 2558 describitur:

275 2629 296 2720 ή
318 2639 343 2700 τ’
370 2639 456 2720 ὀλίγη
480 2637 539 2720 μὲν
560 2641 671 2718 πρῶτα
695 2634 889 2718 κορύσσεται,
913 2633 1012 2717 αὐτὰρ
1035 2636 1137 2699 ἔπειτα

132 2820 168 2832 ..
276 2727 407 2808 οὐρανῷ
429 2727 567 2809 ἐστήριξε
589 2727 672 2809 κάρη
697 2725 750 2788 καί
773 2724 822 2788 ἐπὶ
845 2723 939 2806 χθονί
962 2723 1069 2808 βαίνει,

111 2820 220 2879 dmm
269 2903 380 2986 Ἄρεος
402 2903 616 2988 ἀνδροφόνοιο
638 2904 808 2986 κασιγνήτη
833 2903 925 2986 ἑτάρη
949 2926 989 2975 τε,

110 3053 211 3125 partes
234 3052 300 3111 hae:

274 3192 295 3273 ή
318 3213 392 3272 σφιν
414 3189 468 3252 καί
489 3189 558 3252 adra
581 3195 684 3259 νεῖκος
707 3188 829 3270 ὁμοίιον
852 3187 971 3269 ἔμβαλε
992 3187 1101 3268 μέσσῳ

274 3280 428 3362 ἐρχομένη
452 3279 527 3342 καθ’
556 3279 676 3362 ὅμιλον,
700 3275 876 3360 ὀφέλλουσα
900 3274 1011 3339 στόνον
1034 3275 1169 3356 ἀνδρῶν.

202 3425 296 3484 Locus
320 3423 481 3484 continetur
503 3424 646 3499 prooemio
663 3439 796 3498 pugnam
821 3421 925 3480 etenim
938 3420 996 3479 iam
1010 3420 1075 3480 inde
1090 3438 1108 3479 a
1121 3437 1205 3480 versu
1220 3424 1282 3480 421

111 3533 216 3574 novam
239 3513 408 3589 particulam
431 3514 451 3573 i.
467 3531 490 3572 e.
507 3510 689 3593 Διομήδους
703 3507 866 3591 ἀριστείαν,
891 3510 979 3584 incipi
1000 3509 1069 3569 mihi
1083 3511 1287 3584 persuasemnt

110 3604 167 3663 viri
190 3598 306 3686 doctii)
352 3604 446 3678 Atque
470 3603 575 3677 optime
599 3602 720 3676 quadrat
743 3599 895 3674 descriptio
919 3599 1004 3658 huius
1035 3599 1127 3673 ipsius
1159 3597 1286 3657 numinis

112 3695 150 3752 ad
173 3711 287 3768 pugnae
310 3693 424 3752 initium
447 3692 645 3762 enarrandum,
670 3690 746 3764 quod
768 3689 799 3748 in
821 3687 932 3748 deliciis
946 3688 1082 3748 habuisse
1095 3689 1196 3762 poetas
1210 3687 1286 3746 infra

111 3783 298 3856 conspicuum
322 3782 383 3841 erit.

201 3872 236 3930 In
249 3867 283 3932 E
293 3889 320 3931 r.
337 3873 400 3933 518
420 3888 483 3930 cum
496 3871 586 3928 Marte
610 3868 762 3928 coniuncta
786 3868 896 3926 animos
919 3866 1037 3926 incitare
1061 3865 1178 3926 dicitur:
1202 3863 1284 3945 ἄμο-

112 3982 169 4022 τον
192 3963 342 4040 μεμοαῖα.
380 3960 457 4030 Quos
480 3976 579 4018 versus
602 3960 682 4032 parte
706 3975 767 4016 sero
792 3957 942 4016 admodum
955 3956 1064 4015 inserta
1077 3955 1217 4016 contineri
1230 3955 1287 4014 iam
1368 4019 1371 4024 ,

110 4050 221 4125 pridem
243 4049 440 4108 intellexerunt
462 4048 516 4108 viri
539 4039 666 4128 doctizss)
698 4047 777 4106 hisce
801 4047 876 4105 enim
898 4045 1027 4105 versibus
1050 4063 1178 4120 pugnam
1201 4045 1284 4104 vehe-

110 4141 220 4198 menter
243 4138 381 4198 exarsisse
403 4139 546 4209 narratur,
579 4153 642 4196 oum
665 4136 695 4194 in
719 4153 745 4195 r.
763 4138 825 4197 607
850 4137 960 4194 demum
988 4135 1126 4194 exercitus
1158 4133 1285 4194 hostium

111 4229 340 4304 appropinquare
372 4227 516 4298 dicantur;
550 4227 695 4301 praeterea
722 4226 927 4285 sententiamm
950 4241 1086 4283 conexum
1108 4223 1285 4298 perspecturi

200 4437 222 4540 ἓ)
240 4453 267 4491 v.
281 4435 414 4490 Rosohcr:
434 4434 471 4504 (v.
486 4434 578 4505 Sybel)
597 4450 617 4488 s.
632 4449 657 4488 n.
672 4433 741 4488 Eris.
779 4431 913 4488 Wieseior
930 4431 982 4486 1.l.

200 4510 222 4650 ή
241 4507 430 4647 {eingiifhli
444 4507 471 4632 {3
508 4577 552 4632 w.
568 4576 703 4631 Ribbeck:
727 4575 821 4630 narra.
840 4575 861 4632 ι.
874 4575 946 4628 mn
961 4573 1004 4643 aa,
1023 4590 1049 4642 p.
1064 4573 1107 4628 ao.
1144 4572 1283 4628 Benicken
1386 4532 1388 4536 ¹

111 4651 129 4706 l.
143 4652 161 4705 l.
176 4667 202 4720 p.
216 4649 260 4705 32.
293 4650 414 4705 Hentze:
432 4649 526 4704 assecl.
541 4665 567 4718 p.
584 4649 643 4702 102.
