3346 5330
824 517 1047 580 ..33-

439 699 474 755 ln
497 697 671 772 tragicorum
694 697 801 757 fabulis
824 715 887 757 raro
902 697 1015 757 Eridem
1029 698 1201 758 invenimus:
1226 700 1302 773 apud
1315 699 1521 774 Aeschylum

349 787 428 846 hand
452 787 511 846 scio
537 792 573 845 en
597 804 655 846 non
679 789 753 846 recte
777 788 857 846 deam
882 789 999 846 subesse
1022 787 1208 862 intelligatur,
1242 806 1305 848 cum
1334 789 1467 848 nuntium
1490 790 1523 848 do

351 877 480 950 Capaneo
504 877 669 935 referentem
692 876 765 935 iecit
787 871 878 957 (Sept.
894 895 920 934 r.
937 871 1028 958 411):

915 1068 922 1080 .
938 1067 944 1080 .
960 1067 967 1080 .
983 1066 989 1078 .
1005 1017 1081 1080 οὐδὲ
1103 1017 1159 1099 τὴν
1183 1015 1257 1087 Διὸς

563 1107 628 1186 ἔριν
650 1105 741 1168 πέδοι
764 1105 934 1188 σκήψασαν
958 1105 1108 1169 ἐκποδών
1132 1103 1255 1188 σχεθτῖν
1263 1105 1288 1191 ¹)

350 1251 395 1310 uel
417 1270 442 1309 v.
462 1253 523 1312 709
543 1251 658 1310 chorum
681 1251 927 1325 pronuntiantem:
952 1249 1149 1330 παιδολέτωρ
1173 1249 1203 1312 δ’
1229 1251 1293 1331 ἔρις
1316 1250 1368 1312 ἅδ’
1394 1250 1523 1331 ὀτρύνει.

440 1341 495 1398 Sed
518 1341 614 1415 aperte
637 1341 690 1398 dea
713 1340 817 1399 dicitur
838 1340 966 1414 pulchris
981 1341 1144 1415 Antigonae
1166 1342 1261 1400 verbis
1285 1342 1384 1400 fabula
1406 1343 1524 1401 exeunte

351 1431 493 1490 {1035-
610 1514 697 1597 Ἔρις
719 1516 855 1596 περαίνει
877 1517 987 1597 μῦθον
1009 1517 1122 1598 ὑστάτη
1146 1517 1244 1580 θεῶν.

617 1603 680 1685 ἐγώ
706 1604 741 1668 δὲ
763 1605 865 1686 θάψαν
888 1605 1045 1670 τόνδε...

440 1749 666 1808 Labdacidarum
680 1749 817 1808 scelerum
828 1752 927 1810 auctor
936 1753 1055 1826 apparet
1065 1751 1095 1810 in
1104 1752 1285 1840 Euripidis
1295 1753 1401 1811 Phoen.
1411 1771 1436 1811 v.
1446 1754 1523 1813 798:

617 1888 637 1971 ἦ
663 1891 747 1955 δεινά
770 1913 814 1960 τις
830 1890 917 1972 Ἔρις
938 1891 1024 1964 θεός,
1049 1893 1071 1953 ἅ
1093 1891 1166 1954 τάδε

617 1982 740 2062 μήσατο
765 1981 894 2062 πήματα
919 1985 976 2062 γᾶς
998 1981 1243 2062 βασιλεῦσιν...

352 2125 380 2182 et
402 2124 432 2182 in
456 2125 555 2184 Oreste
578 2143 604 2183 v.
623 2127 705 2188 1001
730 2119 895 2184 Atridarum
919 2127 1073 2185 sceleribus
1097 2127 1236 2187 enarratis
1259 2125 1400 2202 pergitur:

618 2265 696 2328 ὅθεν
712 2264 799 2346 Ἔρις
820 2265 856 2328 τό
879 2289 911 2328 τε
933 2265 1094 2348 πτερωτὸν

618 2355 707 2417 ἁλίου
730 2354 898 2436 μετέβαλεν
921 2356 1018 2437 ἅρμα,

619 2443 675 2506 τὰν
698 2443 779 2525 πρὸς
802 2445 938 2526 ἑσπέραν
961 2444 1116 2508 κέλευθον

619 2533 758 2614 οὐρανοῦ
780 2533 1033 2616 προσαρμόσασα
1124 2557 1129 2566 ·

616 2621 810 2704 μονόπωλον
833 2623 865 2693 ἒς
883 2623 958 2696 Ἄῶ,
975 2675 981 2688 .
998 2673 1004 2685 .
1021 2673 1027 2686 .

441 2767 576 2826 Videmus
593 2768 688 2826 Eridis
711 2771 808 2841 partes
830 2769 969 2842 paulatim
992 2769 1191 2843 amphficatas,
1215 2788 1274 2830 non
1296 2771 1380 2830 modo
1404 2772 1441 2829 ad
1465 2771 1523 2830 bel-

351 2857 410 2914 lum
434 2858 607 2930 spectamen,
632 2857 682 2916 sed
705 2858 741 2915 ad
765 2858 859 2916 omnia
882 2858 983 2916 eximia
1006 2859 1114 2918 scelera
1137 2861 1165 2917 et
1188 2860 1317 2920 discidia.

440 2946 483 3004 Er
507 2946 694 3020 Sophoclis
720 2946 818 3006 fabula
841 2949 971 3021 quadam,
1006 2965 1078 3022 quae
1101 2948 1268 3008 inscribitur
1284 2945 1370 3028 Ἔρις
1401 2949 1525 3008 frustula

352 3033 492 3094 nonnulle
515 3037 628 3095 servata
651 3030 766 3118 suntz2)

567 3183 594 3240 1.
627 3174 690 3256 ἐγώ
716 3176 750 3240 δὲ
772 3177 901 3240 πεινῶσ’
927 3174 968 3240 αὖ
991 3176 1073 3259 πρὸς
1095 3179 1173 3260 ἴτρια
1196 3178 1314 3260 βλέπω.

567 3289 595 3344 2.
629 3284 753 3364 εὔωρος
777 3284 879 3366 γάμος
902 3287 945 3346 rel
968 3287 1066 3362 potius
1090 3285 1205 3367 γάμου.

567 3396 595 3453 3.
628 3390 704 3472 μίαν
727 3391 810 3471 μίαν.

442 3536 484 3594 De
518 3537 685 3610 argumento
719 3536 805 3594 huius
837 3537 950 3595 fabulae
980 3555 1054 3596 unus
1078 3532 1240 3620 Wclcherl)
1265 3539 1434 3598 sententiam
1457 3555 1524 3613 pro-

352 3623 428 3696 tulit,
453 3625 502 3698 qui
525 3625 614 3683 rixam
636 3625 710 3684 inter
732 3625 829 3685 Iovem
853 3627 881 3684 et
904 3626 1069 3700 Neptunum
1092 3627 1148 3686 dici
1172 3628 1344 3701 suspicatur,
1379 3629 1429 3686 sed
1451 3628 1525 3686 nihil

353 3713 465 3772 exhibet
488 3715 524 3772 ad
547 3714 717 3773 fulciendam
741 3715 940 3774 coniecturam.
985 3716 1124 3790 Equidem
1146 3717 1286 3775 neminem
1309 3717 1343 3775 de
1365 3717 1525 3788 temeritate

354 3821 398 3860 me
422 3803 638 3877 obiurgaturum
663 3820 754 3877 spero,
779 3821 842 3863 cum
866 3806 902 3863 ad
915 3805 1028 3864 Eiidem
1050 3805 1070 3863 i.
1091 3823 1114 3864 e.
1134 3806 1211 3864 Pelei
1233 3807 1350 3880 nuptias
1374 3825 1525 3882 argumen-

352 3894 413 3950 tum
436 3893 561 3952 referam.
609 3893 702 3951 Primo
726 3893 885 3968 fragmento
909 3895 1015 3953 femina
1036 3895 1171 3968 loquitur,
1200 3898 1349 3965 πεινῶσα,
1375 3897 1525 3970 epulantes

353 3981 524 4054 adspiciens,
558 3983 633 4055 quod
666 3983 770 4056 optime
798 3983 835 4040 ad
857 3983 971 4042 Eridem
995 3985 1123 4057 quadret.
1170 3985 1279 4044 Deinde
1303 3985 1423 4044 alterum
1445 3986 1524 4060 frag-

352 4073 478 4128 mentum
509 4072 631 4130 fortasse
665 4073 701 4130 ad
724 4071 840 4144 nuptias
865 4075 987 4146 spectat,
1019 4090 1152 4132 necnon
1176 4068 1293 4155 itemst)
1339 4075 1426 4134 Porro
1449 4092 1525 4149 nup·

356 4325 359 4330 ,
443 4279 463 4346 1)
482 4277 528 4346 τὴν
547 4279 608 4338 Διὸς
627 4280 681 4346 ἔριν
699 4296 754 4334 non
772 4280 806 4334 ad
821 4280 899 4334 deam
913 4280 1051 4348 pertinere
1066 4281 1211 4335 scholiasta
1225 4281 1280 4335 iam
1294 4286 1367 4336 recte
1382 4282 1526 4351 cognovit3

354 4366 387 4404 ex
406 4351 487 4406 verbo
507 4350 651 4418 σκήψασαν
669 4351 741 4404 enim
761 4358 789 4406 et
807 4367 889 4406 versu
907 4357 1038 4419 sequente
1057 4358 1172 4420 apparet
1195 4354 1278 4407 verba
1300 4353 1443 4407 referende
1468 4369 1526 4408 esse

353 4422 388 4474 ad
407 4421 480 4524 1⁰{i⁵
483 4421 633 4547 Nfgrlllrgrlen,T
634 4423 781 4547 Aaeschplon
787 4422 922 4548 ήίριιαήή,4
928 4423 975 4490 qui
994 4424 1100 4478 alludet
1119 4424 1153 4478 ad
1171 4429 1286 4479 mortem
1305 4424 1431 4492 Capanei.

443 4493 463 4632 ³3
482 4536 592 4619 Nachtr'.
608 4582 631 4618 z.
646 4510 763 4632 aegschpgl.
779 4511 855 4633 T’ri1p‚
873 4582 898 4632 p.
914 4537 974 4620 3⁸13.

442 4635 464 4705 ⁴)
483 4653 508 4689 v.
523 4636 623 4690 Athen.
638 4637 711 4706 XIV,
720 4651 767 4705 ose,
787 4636 926 4705 Aristoph.
939 4637 1006 4692 Ach.
1024 4638 1101 4692 1057.
