3346 5330
259 706 321 764 lam
344 707 471 765 trabeam
493 705 612 765 Bellona
635 707 709 780 gerit
729 725 911 782 parmaque
934 709 1052 766 meris

260 797 288 852 ct
311 795 421 869 galeam
445 813 543 854 sacras
566 796 670 854 uniaris
693 799 808 856 rectura
829 797 951 855 amnes

11 469 16 702 Ι
549 526 769 590 ..22-

11 703 15 824 l

171 937 311 996 Hactenus
335 939 369 997 de
392 938 557 997 Claudiano.

10 1089 14 1116 Ἢ
172 1024 223 1094 oui
234 1026 364 1101 inprimis
374 1045 436 1086 eum
446 1027 581 1098 excussit,
592 1027 813 1101 Apollinaris
827 1028 1005 1098 Sidonius,
1015 1029 1127 1087 duobus
1136 1031 1247 1086 hutnrn

96 1114 155 1172 locis
176 1107 291 1196 (Paneg.
317 1117 354 1174 ad
376 1117 475 1176 Maior.
491 1119 533 1177 32
558 1119 587 1175 et
608 1115 673 1196 224)
697 1117 845 1175 Bellonam
877 1118 961 1176 affert
1025 1118 1060 1176 ln
1087 1117 1247 1176 mutanda

10 1229 12 1286 3
95 1204 185 1262 Romae
207 1205 286 1263 divae
310 1205 404 1279 specie
426 1207 495 1264 dcta
517 1208 562 1264 est
582 1207 767 1284 „trophaeum
782 1209 930 1264 οιείῐυοιιε
944 1209 973 1264 et
986 1223 1120 1280 quercum
1135 1206 1247 1280 captivo

96 1293 200 1366 pondere
222 1292 375 1353 curvans“.
413 1295 598 1370 Deprompsit
619 1295 763 1369 singulae
777 1295 927 1354 Claudiam
941 1295 1132 1370 descriptione
1145 1295 1248 1354 Mutis

10 1379 15 1460 'p
96 1399 178 1440 currus
200 1377 246 1462 (de
270 1400 349 1444 cons.
365 1384 427 1444 Stil.
442 1386 483 1455 ΙΙ,
493 1382 557 1461 371)
580 1387 609 1442 et
629 1385 734 1442 Romae
756 1384 839 1442 dirae
861 1379 905 1464 (in
928 1384 971 1446 Ol
995 1387 1025 1444 et
1046 1379 1163 1464 Palo).

11 1463 14 1500 ²
168 1471 204 1530 Et
233 1472 263 1530 in
298 1473 423 1532 eiusdem
454 1473 589 1532 carminis
620 1491 648 1532 v.
664 1477 728 1534 229
761 1473 796 1532 de
825 1473 935 1548 nuptiis
958 1492 977 1532 a
999 1473 1159 1532 Gaudentio
1183 1491 1248 1548 per·

10 1585 14 1658 3
92 1561 200 1619 turbatis
223 1561 307 1620 dicit:

288 1704 369 1762 ilicet
390 1705 525 1764 increscit
546 1705 662 1763 liarors
683 1703 860 1778 thalamique
882 1703 1014 1778 refringit

289 1793 357 1868 plns
380 1795 482 1852 ardens
505 1794 625 1854 Bellona
645 1793 734 1852 taces.

171 1931 271 2003 Τόπος
295 1936 473 1995 tritissimus.

10 2021 18 2156 ἱ
168 2025 384 2084 Dracontius
410 2027 442 2084 in
465 2026 589 2084 carmine
611 2025 646 2084 de
668 2027 753 2099 raptu
775 2024 901 2082 Helenae
923 2043 950 2082 v.
975 2028 1035 2086 147
1062 2025 1250 2086 Cassandram

94 2113 151 2170 lacit
170 2114 410 2187 pronuntiantem,
433 2115 502 2174 belli
525 2115 641 2174 Troiani
663 2115 825 2173 calamitate
848 2113 1004 2188 descripta:
1037 2113 1099 2192 „sio
1121 2115 1251 2190 praestat

93 2201 198 2260 Bellona
219 2200 357 2262 nurum“.
396 2205 474 2274 Quae
496 2206 592 2279 aperte
615 2205 641 2262 ei
664 2203 858 2278 suppeditavit
881 2203 966 2262 Statii
988 2203 1069 2262 locus
1086 2202 1155 2264 dcli.
1172 2203 1194 2274 1,
1206 2205 1249 2262 34.

168 2293 408 2364 Paucarestant,
432 2295 466 2352 ut
488 2295 589 2352 addam
612 2311 646 2352 ox
659 2293 829 2352 incertorum
844 2295 989 2352 auctorum
1003 2291 1191 2351 carminibus:
1216 2291 1250 2352 ln

11 2381 13 2404 ‘
95 2377 220 2440 Orestis
232 2383 385 2457 tragoedia
398 2400 426 2441 v.
442 2385 506 2444 388
521 2382 745 2457 Clytaemnestra
758 2383 787 2440 iu
806 2381 934 2442 oratione
952 2381 989 2440 ad
1002 2380 1138 2456 populum
1152 2379 1252 2440 habita

95 2467 163 2527 dicit:
186 2471 411 2546 Agamemnonis
433 2471 519 2545 culpa

278 2623 375 2701 „quod
397 2639 450 2682 vos
474 2622 516 2681 sic
537 2621 642 2680 minuit
664 2621 757 2680 saevis
779 2621 900 2680 Bellona
922 2617 1056 2684 duellis“.

10 2761 16 2868 l
171 2773 222 2832 Vix
245 2791 349 2848 operae
371 2773 496 2848 pretium
517 2773 638 2844 uidetur,
661 2775 694 2831 ut
721 2772 840 2832 adiciam
864 2773 1002 2847 quosdam
1026 2773 1104 2834 locos
1127 2791 1158 2834 er
1184 2775 1252 2836 lu·

10 2871 17 2926 i
95 2859 241 2937 tholegia
262 2863 394 2922 latina:
418 2863 449 2921 in
472 2863 596 2922 carmine
622 2862 832 2940 „Hippodamia
855 2863 900 2942 (B.
915 2880 944 2938 p.
961 2865 1016 2946 31)
1039 2861 1112 2938 legis
1136 2861 1253 2936 Vergilii

10 2953 13 3030 J
94 2966 191 3009 versum
204 2953 378 3023 1.v1fl‚703
393 2953 558 3012 adverbum
572 2969 744 3025 expressum.
778 2953 811 3010 ln
826 2951 950 3012 carmine
964 2953 1086 3026 quodam
1100 2947 1145 3028 (a.
1158 2969 1185 3030 p.
1203 2948 1253 3034 ld)

95 3037 201 3098 Bellona
226 3043 396 3120 „iurgantes
420 3042 488 3100 deos
512 3041 641 3099 stimulat
663 3037 809 3116 flagello“.
863 3041 901 3100 Et
923 3041 951 3100 iu
976 3041 1034 3102 ista
1056 3039 1137 3106 arida
1160 3039 1252 3100 dorile-

11 3121 13 3126 ’
96 3129 205 3188 natione
222 3131 386 3210 „deuerbis
397 3130 528 3200 Achillis,
544 3147 608 3188 curn
620 3129 720 3188 tubam
730 3129 874 3188 Diomedis
885 3127 1060 3190 audivisset“
1078 3129 1124 3208 (ll.
1136 3147 1163 3208 p.
1181 3133 1253 3209 litt)

11 3249 13 3262 κ
97 3216 210 3278 Achilles
233 3221 268 3280 de
291 3221 418 3294 tempore
441 3220 536 3278 futuro
559 3219 741 3293 pronuntiat:
784 3234 787 3240 '

275 3388 348 3450 „uec
370 3371 494 3445 spondet
515 3372 621 3430 certam
643 3369 736 3428 tristis
760 3369 879 3430 Bellona
902 3367 1053 3430 salutem.“

8 3549 10 3588 r
74 3545 78 3560 ·
173 3522 231 3581 Iam
264 3521 378 3596 quidem
409 3538 458 3580 eos
489 3522 568 3580 locos
601 3520 713 3594 collegi,
747 3521 849 3594 quibus
882 3521 1002 3580 Bellona
1025 3521 1132 3582 droco
1158 3519 1254 3594 ltriyus

9 3619 11 3704 λ
98 3609 197 3670 nomine
219 3613 298 3670 dicta
320 3611 396 3686 apud
417 3613 517 3684 poetas
539 3611 654 3684 legitur,
679 3612 747 3668 sunt
769 3610 901 3670 nimirum
924 3609 1022 3686 pauci:

174 3700 360 3760 Petronius
382 3701 414 3758 in
435 3701 511 3759 bello
534 3700 588 3758 cir.
603 3717 630 3758 v.
647 3703 688 3760 62
713 3699 796 3758 dicit:

279 3853 338 3910 tres
359 3851 466 3910 tulerat
487 3851 614 3910 Fortuna
635 3850 731 3920 duces,
754 3866 827 3924 qnos
851 3849 947 3910 obruit
970 3869 1066 3910 carries

280 3958 422 4000 armorum
445 3942 522 3998 strue
546 3940 658 3998 diversa
680 3939 777 3998 feralis
802 3939 891 4012 Bnyo.

176 4091 331 4151 Valerius
354 4092 501 4151 Flaccus
523 4092 544 4150 l.
557 4091 607 4162 IV,
618 4094 672 4148 604
684 4091 844 4150 Amazones
860 4089 929 4150 dicit
952 4109 1007 4152 noo
1033 4115 1095 4150 oea·
1121 4095 1256 4157 t'omlmoo

102 4178 247 4346 ialtrnggd
269 4269 374 4344 qualis,
399 4270 449 4328 sed
471 4273 580 4344 quanta
602 4269 672 4328 viris
696 4269 817 4328 irrsultat
840 4267 948 4342 ilrip›.“

178 4357 262 4418 Porro
296 4359 409 4418 Silius
440 4376 566 4434 pugnam
596 4359 716 4436 produci
749 4359 829 4418 dicit:
867 4359 950 4417 sirleti
976 4364 1099 4418 urstisium
1125 4371 1257 4424 ...leuno

103 4440 171 4516 Bnyo
191 4446 248 4506 iras
271 4465 358 4507 saera
379 4443 511 4528 unces.¹)

181 4637 200 4706 ¹)
217 4638 250 4692 of.
264 4638 412 4706 Tryphiod.
426 4653 447 4706 a,
465 4637 553 4692 Noun.
568 4637 642 4704 XXI,
653 4654 699 4692 aoo
