<?xml version="1.0" encoding="UTF-8"?>
<!DOCTYPE html PUBLIC "-//W3C//DTD XHTML 1.0 Transitional//EN"
    "http://www.w3.org/TR/xhtml1/DTD/xhtml1-transitional.dtd">
<html xmlns="http://www.w3.org/1999/xhtml" xml:lang="en" lang="en">
 <head>
  <title>
</title>
<meta http-equiv="Content-Type" content="text/html;charset=utf-8" />
  <meta name='ocr-system' content='tesseract 3.04.00' />
  <meta name='ocr-capabilities' content='ocr_page ocr_carea ocr_par ocr_line ocrx_word'/>
</head>
<body>
  <div class='ocr_page' id='page_1' title='image "./debellidaemonib00berggoog_0021.png"; bbox 0 0 3346 5330; ppageno 0'>
   <div class='ocr_carea' id='block_1_1' title="bbox 846 425 1069 488">
    <p class='ocr_par' dir='ltr' id='par_1_1' title="bbox 846 425 1069 488">
     <span class='ocr_line' id='line_1_1' title="bbox 846 425 1069 488; baseline 0.013 -19"><span class='ocrx_word' id='word_1_1' title='bbox 846 425 1069 488; x_wconf 81' lang='lat'>...16.-</span> 
     </span>
    </p>
   </div>
   <div class='ocr_carea' id='block_1_2' title="bbox 371 599 1647 1757">
    <p class='ocr_par' dir='ltr' id='par_1_2' title="bbox 371 599 1647 1757">
     <span class='ocr_line' id='line_1_2' title="bbox 373 599 1546 683; baseline -0.003 -19"><span class='ocrx_word' id='word_1_2' title='bbox 373 605 494 665; x_wconf 86' lang='lat' dir='ltr'>slmilem</span> <span class='ocrx_word' id='word_1_3' title='bbox 516 605 547 664; x_wconf 92' lang='lat' dir='ltr'>in</span> <span class='ocrx_word' id='word_1_4' title='bbox 569 607 684 664; x_wconf 92' lang='lat' dir='ltr'>modum</span> <span class='ocrx_word' id='word_1_5' title='bbox 707 604 755 664; x_wconf 90' lang='lat' dir='ltr'>hic</span> <span class='ocrx_word' id='word_1_6' title='bbox 773 601 878 666; x_wconf 86' lang='grc' dir='ltr'><strong><em>Ἐνυώ</em></strong></span> <span class='ocrx_word' id='word_1_7' title='bbox 901 606 1065 679; x_wconf 89' lang='lat' dir='ltr'>usurpatur,</span> <span class='ocrx_word' id='word_1_8' title='bbox 1099 621 1155 678; x_wconf 88' lang='lat' dir='ltr'>quo</span> <span class='ocrx_word' id='word_1_9' title='bbox 1188 603 1245 664; x_wconf 90' lang='lat' dir='ltr'>alio</span> <span class='ocrx_word' id='word_1_10' title='bbox 1274 605 1336 664; x_wconf 86' lang='lat' dir='ltr'>loco</span> <span class='ocrx_word' id='word_1_11' title='bbox 1364 621 1416 678; x_wconf 93' lang='lat' dir='ltr'>pro</span> <span class='ocrx_word' id='word_1_12' title='bbox 1442 599 1546 683; x_wconf 80' lang='grc' dir='ltr'><strong><em>ἡμέρα</em></strong></span> 
     </span>
     <span class='ocr_line' id='line_1_3' title="bbox 375 690 1544 776; baseline -0.005 -20"><span class='ocrx_word' id='word_1_13' title='bbox 375 691 455 756; x_wconf 87' lang='grc' dir='ltr'><strong><em>Τιτώ</em></strong></span> <span class='ocrx_word' id='word_1_14' title='bbox 479 690 640 776; x_wconf 74' lang='lat' dir='ltr'>emio0t21)</span> <span class='ocrx_word' id='word_1_15' title='bbox 672 693 759 754; x_wconf 90' lang='lat' dir='ltr'>dictio</span> <span class='ocrx_word' id='word_1_16' title='bbox 792 694 877 753; x_wconf 91' lang='lat' dir='ltr'>nimis</span> <span class='ocrx_word' id='word_1_17' title='bbox 901 694 1015 754; x_wconf 91' lang='lat' dir='ltr'>curiosa</span> <span class='ocrx_word' id='word_1_18' title='bbox 1037 696 1066 753; x_wconf 91' lang='lat' dir='ltr'>et</span> <span class='ocrx_word' id='word_1_19' title='bbox 1089 694 1182 770; x_wconf 89' lang='lat' dir='ltr'>quasi,</span> <span class='ocrx_word' id='word_1_20' title='bbox 1215 695 1248 752; x_wconf 90' lang='lat' dir='ltr'>ut</span> <span class='ocrx_word' id='word_1_21' title='bbox 1272 694 1361 764; x_wconf 87' lang='lat' dir='ltr'>aiunt,</span> <span class='ocrx_word' id='word_1_22' title='bbox 1397 693 1544 752; x_wconf 90' lang='lat' dir='ltr'>arcessita.</span> 
     </span>
     <span class='ocr_line' id='line_1_4' title="bbox 374 776 1547 864; baseline -0.003 -21"><span class='ocrx_word' id='word_1_23' title='bbox 374 785 611 843; x_wconf 77' lang='lat' dir='ltr'>Callimachus</span> <span class='ocrx_word' id='word_1_24' title='bbox 634 785 730 858; x_wconf 89' lang='lat' dir='ltr'><strong>hymn.</strong></span> <span class='ocrx_word' id='word_1_25' title='bbox 745 784 784 856; x_wconf 92' lang='lat' dir='ltr'>II,</span> <span class='ocrx_word' id='word_1_26' title='bbox 800 787 834 840; x_wconf 86' lang='lat'>83</span> <span class='ocrx_word' id='word_1_27' title='bbox 857 783 962 844; x_wconf 75' lang='lat' dir='ltr'>milites</span> <span class='ocrx_word' id='word_1_28' title='bbox 985 783 1115 843; x_wconf 85' lang='lat' dir='ltr'>nominat</span> <span class='ocrx_word' id='word_1_29' title='bbox 1138 781 1296 863; x_wconf 73' lang='grc' dir='ltr'><strong><em>ζωστῆρας</em></strong></span> <span class='ocrx_word' id='word_1_30' title='bbox 1314 776 1495 864; x_wconf 49' lang='grc' dir='ltr'><strong><em>Ἐνυοῦςὲ)</em></strong></span> <span class='ocrx_word' id='word_1_31' title='bbox 1520 783 1547 840; x_wconf 87' lang='lat' dir='ltr'>ot</span> 
     </span>
     <span class='ocr_line' id='line_1_5' title="bbox 371 872 1547 948; baseline -0.005 -16"><span class='ocrx_word' id='word_1_32' title='bbox 371 874 425 933; x_wconf 91' lang='lat' dir='ltr'>hoc</span> <span class='ocrx_word' id='word_1_33' title='bbox 460 875 545 948; x_wconf 90' lang='lat' dir='ltr'>poeta</span> <span class='ocrx_word' id='word_1_34' title='bbox 580 873 764 932; x_wconf 83' lang='lat' dir='ltr'>alexandrIno</span> <span class='ocrx_word' id='word_1_35' title='bbox 792 873 920 948; x_wconf 87' lang='lat' dir='ltr'>dignum.</span> <span class='ocrx_word' id='word_1_36' title='bbox 972 873 1070 932; x_wconf 80' lang='lat' dir='ltr'>Altero</span> <span class='ocrx_word' id='word_1_37' title='bbox 1099 875 1193 932; x_wconf 89' lang='lat' dir='ltr'>antem</span> <span class='ocrx_word' id='word_1_38' title='bbox 1220 872 1285 932; x_wconf 91' lang='lat' dir='ltr'>loco</span> <span class='ocrx_word' id='word_1_39' title='bbox 1320 873 1418 946; x_wconf 87' lang='lat' dir='ltr'><strong>hymn.</strong></span> <span class='ocrx_word' id='word_1_40' title='bbox 1433 872 1483 942; x_wconf 89' lang='lat' dir='ltr'>IV,</span> <span class='ocrx_word' id='word_1_41' title='bbox 1494 875 1547 927; x_wconf 82' lang='lat'>276</span> 
     </span>
     <span class='ocr_line' id='line_1_6' title="bbox 372 961 1547 1037; baseline -0.003 -15"><span class='ocrx_word' id='word_1_42' title='bbox 372 964 465 1022; x_wconf 87' lang='lat' dir='ltr'>facere</span> <span class='ocrx_word' id='word_1_43' title='bbox 487 979 545 1022; x_wconf 90' lang='lat' dir='ltr'>neu</span> <span class='ocrx_word' id='word_1_44' title='bbox 568 979 695 1036; x_wconf 90' lang='lat' dir='ltr'>possum,</span> <span class='ocrx_word' id='word_1_45' title='bbox 720 962 790 1036; x_wconf 91' lang='lat' dir='ltr'>quin</span> <span class='ocrx_word' id='word_1_46' title='bbox 803 962 944 1021; x_wconf 88' lang='lat' dir='ltr'>Meinekio</span> <span class='ocrx_word' id='word_1_47' title='bbox 969 962 1136 1037; x_wconf 91' lang='lat' dir='ltr'>adstipuler,</span> <span class='ocrx_word' id='word_1_48' title='bbox 1161 961 1210 1036; x_wconf 93' lang='lat' dir='ltr'>qui</span> <span class='ocrx_word' id='word_1_49' title='bbox 1224 979 1360 1020; x_wconf 90' lang='lat' dir='ltr'>unacum</span> <span class='ocrx_word' id='word_1_50' title='bbox 1375 961 1547 1020; x_wconf 87' lang='lat' dir='ltr'>Schneidero</span> 
     </span>
     <span class='ocr_line' id='line_1_7' title="bbox 372 1043 1548 1131; baseline -0.003 -21"><span class='ocrx_word' id='word_1_51' title='bbox 372 1051 510 1112; x_wconf 90' lang='lat' dir='ltr'>librorum</span> <span class='ocrx_word' id='word_1_52' title='bbox 532 1051 696 1111; x_wconf 89' lang='lat' dir='ltr'>lectionem:</span> <span class='ocrx_word' id='word_1_53' title='bbox 721 1049 798 1112; x_wconf 79' lang='grc' dir='ltr'><strong><em>οὐδέ</em></strong></span> <span class='ocrx_word' id='word_1_54' title='bbox 820 1050 849 1112; x_wconf 83' lang='grc' dir='ltr'>σ’</span> <span class='ocrx_word' id='word_1_55' title='bbox 862 1047 965 1111; x_wconf 80' lang='grc' dir='ltr'><strong><em>Ἐνυώ</em></strong></span> <span class='ocrx_word' id='word_1_56' title='bbox 989 1073 1019 1111; x_wconf 87' lang='grc' dir='ltr'>κ.</span> <span class='ocrx_word' id='word_1_57' title='bbox 1033 1073 1057 1114; x_wconf 94' lang='grc' dir='ltr'>τ.</span> <span class='ocrx_word' id='word_1_58' title='bbox 1072 1049 1098 1112; x_wconf 93' lang='grc' dir='ltr'>λ.</span> <span class='ocrx_word' id='word_1_59' title='bbox 1122 1051 1152 1110; x_wconf 90' lang='lat' dir='ltr'>in</span> <span class='ocrx_word' id='word_1_60' title='bbox 1179 1047 1359 1130; x_wconf 71' lang='grc' dir='ltr'>,,Ἐλενι9ώ“</span> <span class='ocrx_word' id='word_1_61' title='bbox 1386 1043 1548 1131; x_wconf 77' lang='lat' dir='ltr'>mutavit.⁸)</span> 
     </span>
     <span class='ocr_line' id='line_1_8' title="bbox 463 1140 1549 1216; baseline -0.002 -17"><span class='ocrx_word' id='word_1_62' title='bbox 463 1142 569 1200; x_wconf 82' lang='lat' dir='ltr'>Cursus</span> <span class='ocrx_word' id='word_1_63' title='bbox 593 1142 725 1200; x_wconf 85' lang='lat' dir='ltr'>deflectat</span> <span class='ocrx_word' id='word_1_64' title='bbox 748 1141 785 1198; x_wconf 89' lang='lat' dir='ltr'>ad</span> <span class='ocrx_word' id='word_1_65' title='bbox 808 1159 880 1212; x_wconf 90' lang='lat' dir='ltr'>eum,</span> <span class='ocrx_word' id='word_1_66' title='bbox 906 1141 954 1214; x_wconf 91' lang='lat' dir='ltr'>qui</span> <span class='ocrx_word' id='word_1_67' title='bbox 976 1141 1086 1215; x_wconf 89' lang='lat' dir='ltr'>primus</span> <span class='ocrx_word' id='word_1_68' title='bbox 1110 1140 1314 1216; x_wconf 78' lang='lat' dir='ltr'>expressiorem</span> <span class='ocrx_word' id='word_1_69' title='bbox 1338 1140 1462 1214; x_wconf 86' lang='lat' dir='ltr'>effigiem</span> <span class='ocrx_word' id='word_1_70' title='bbox 1480 1141 1549 1197; x_wconf 87' lang='lat' dir='ltr'>dese</span> 
     </span>
     <span class='ocr_line' id='line_1_9' title="bbox 373 1229 1647 1311; baseline -0.002 -22"><span class='ocrx_word' id='word_1_71' title='bbox 373 1248 406 1290; x_wconf 90' lang='lat' dir='ltr'>ac</span> <span class='ocrx_word' id='word_1_72' title='bbox 428 1231 590 1306; x_wconf 78' lang='lat' dir='ltr'>politiorem</span> <span class='ocrx_word' id='word_1_73' title='bbox 612 1229 773 1302; x_wconf 78' lang='lat' dir='ltr'>delineavit,</span> <span class='ocrx_word' id='word_1_74' title='bbox 799 1229 936 1298; x_wconf 78' lang='lat' dir='ltr'>Quintum</span> <span class='ocrx_word' id='word_1_75' title='bbox 961 1231 1152 1304; x_wconf 84' lang='lat' dir='ltr'>Smyrnaeum.</span> <span class='ocrx_word' id='word_1_76' title='bbox 1197 1229 1405 1288; x_wconf 87' lang='lat' dir='ltr'>Perlustremus</span> <span class='ocrx_word' id='word_1_77' title='bbox 1426 1229 1550 1303; x_wconf 83' lang='lat' dir='ltr'>prImum</span> <span class='ocrx_word' id='word_1_78' title='bbox 1646 1294 1647 1311; x_wconf 20' lang='grc' dir='ltr'><strong><em>η</em></strong></span> 
     </span>
     <span class='ocr_line' id='line_1_10' title="bbox 373 1318 1647 1395; baseline -0.002 -17"><span class='ocrx_word' id='word_1_79' title='bbox 373 1321 504 1394; x_wconf 84' lang='lat' dir='ltr'>speclem,</span> <span class='ocrx_word' id='word_1_80' title='bbox 529 1319 629 1379; x_wconf 86' lang='lat' dir='ltr'>deiude</span> <span class='ocrx_word' id='word_1_81' title='bbox 651 1321 758 1395; x_wconf 91' lang='lat' dir='ltr'>partes,</span> <span class='ocrx_word' id='word_1_82' title='bbox 783 1319 867 1378; x_wconf 90' lang='lat' dir='ltr'>simul</span> <span class='ocrx_word' id='word_1_83' title='bbox 886 1319 980 1379; x_wconf 85' lang='lat' dir='ltr'>fontes</span> <span class='ocrx_word' id='word_1_84' title='bbox 995 1319 1174 1394; x_wconf 76' lang='lat' dir='ltr'>siugularum</span> <span class='ocrx_word' id='word_1_85' title='bbox 1187 1319 1380 1379; x_wconf 84' lang='lat' dir='ltr'>elocutionum</span> <span class='ocrx_word' id='word_1_86' title='bbox 1394 1318 1549 1377; x_wconf 89' lang='lat' dir='ltr'>addentes:</span> <span class='ocrx_word' id='word_1_87' title='bbox 1645 1362 1647 1387; x_wconf 80' lang='lat'>,</span> 
     </span>
     <span class='ocr_line' id='line_1_11' title="bbox 372 1410 531 1480; baseline -0.013 -10"><span class='ocrx_word' id='word_1_88' title='bbox 372 1410 453 1480; x_wconf 88' lang='lat' dir='ltr'>VIII,</span> <span class='ocrx_word' id='word_1_89' title='bbox 464 1413 531 1468; x_wconf 83' lang='lat'><strong>286:</strong></span> 
     </span>
     <span class='ocr_line' id='line_1_12' title="bbox 853 1493 1337 1578; baseline 0.002 -21"><span class='ocrx_word' id='word_1_90' title='bbox 853 1493 931 1578; x_wconf 85' lang='grc' dir='ltr'>ὀλοὴ</span> <span class='ocrx_word' id='word_1_91' title='bbox 957 1495 986 1558; x_wconf 81' lang='grc' dir='ltr'>δ’</span> <span class='ocrx_word' id='word_1_92' title='bbox 1013 1493 1073 1558; x_wconf 87' lang='grc' dir='ltr'>ἀνὰ</span> <span class='ocrx_word' id='word_1_93' title='bbox 1095 1496 1214 1577; x_wconf 82' lang='grc' dir='ltr'><strong><em>μέσσον</em></strong></span> <span class='ocrx_word' id='word_1_94' title='bbox 1232 1494 1337 1558; x_wconf 84' lang='grc' dir='ltr'><strong><em>Ἐνυώ</em></strong></span> 
     </span>
     <span class='ocr_line' id='line_1_13' title="bbox 524 1583 1401 1668; baseline -0.002 -20"><span class='ocrx_word' id='word_1_95' title='bbox 524 1585 683 1668; x_wconf 83' lang='grc' dir='ltr'><strong><em>στρωφᾶτ’</em></strong></span> <span class='ocrx_word' id='word_1_96' title='bbox 709 1583 878 1666; x_wconf 83' lang='grc' dir='ltr'><strong><em>ἀλγινόεντι</em></strong></span> <span class='ocrx_word' id='word_1_97' title='bbox 901 1584 1015 1666; x_wconf 73' lang='grc' dir='ltr'><em>λύθρῳ</em></span> <span class='ocrx_word' id='word_1_98' title='bbox 1037 1585 1263 1667; x_wconf 79' lang='grc' dir='ltr'><strong><em>πεπαλαγμένη</em></strong></span> <span class='ocrx_word' id='word_1_99' title='bbox 1288 1585 1401 1666; x_wconf 86' lang='grc' dir='ltr'><strong><em>ὤμους</em></strong></span> 
     </span>
     <span class='ocr_line' id='line_1_14' title="bbox 524 1672 1438 1757; baseline 0 -21"><span class='ocrx_word' id='word_1_100' title='bbox 524 1674 579 1737; x_wconf 81' lang='grc' dir='ltr'>καὶ</span> <span class='ocrx_word' id='word_1_101' title='bbox 601 1675 709 1756; x_wconf 86' lang='grc' dir='ltr'><strong><em>χέρας·</em></strong></span> <span class='ocrx_word' id='word_1_102' title='bbox 734 1674 769 1736; x_wconf 82' lang='grc' dir='ltr'>ἐκ</span> <span class='ocrx_word' id='word_1_103' title='bbox 794 1673 829 1736; x_wconf 79' lang='grc' dir='ltr'>δέ</span> <span class='ocrx_word' id='word_1_104' title='bbox 852 1675 883 1737; x_wconf 85' lang='grc' dir='ltr'>οῖ</span> <span class='ocrx_word' id='word_1_105' title='bbox 905 1673 992 1742; x_wconf 86' lang='grc' dir='ltr'><strong><em>αἰνὸς</em></strong></span> <span class='ocrx_word' id='word_1_106' title='bbox 1015 1673 1079 1736; x_wconf 81' lang='grc' dir='ltr'>ἀπὸ</span> <span class='ocrx_word' id='word_1_107' title='bbox 1102 1674 1226 1757; x_wconf 88' lang='grc' dir='ltr'><strong><em>μελέων</em></strong></span> <span class='ocrx_word' id='word_1_108' title='bbox 1246 1675 1315 1756; x_wconf 85' lang='grc' dir='ltr'><strong><em>ῥέεν</em></strong></span> <span class='ocrx_word' id='word_1_109' title='bbox 1339 1672 1438 1756; x_wconf 84' lang='grc' dir='ltr'><strong><em>ῑόρώς</em></strong></span> 
     </span>
    </p>
   </div>
   <div class='ocr_carea' id='block_1_3' title="bbox 374 1815 1301 1989">
    <p class='ocr_par' dir='ltr' id='par_1_3' title="bbox 374 1815 1301 1989">
     <span class='ocr_line' id='line_1_15' title="bbox 374 1815 1201 1882; baseline 0.002 -4"><span class='ocrx_word' id='word_1_110' title='bbox 374 1822 402 1879; x_wconf 91' lang='lat' dir='ltr'>et</span> <span class='ocrx_word' id='word_1_111' title='bbox 424 1820 458 1882; x_wconf 91' lang='lat' dir='ltr'>V.</span> <span class='ocrx_word' id='word_1_112' title='bbox 475 1823 530 1882; x_wconf 84' lang='lat'>29:</span> <span class='ocrx_word' id='word_1_113' title='bbox 852 1815 1022 1880; x_wconf 83' lang='grc' dir='ltr'><strong><em>στονόεσσα</em></strong></span> <span class='ocrx_word' id='word_1_114' title='bbox 1046 1816 1076 1879; x_wconf 79' lang='grc' dir='ltr'>δ’</span> <span class='ocrx_word' id='word_1_115' title='bbox 1097 1815 1201 1880; x_wconf 83' lang='grc' dir='ltr'><strong><em>Ἐνοώ</em></strong></span> 
     </span>
     <span class='ocr_line' id='line_1_16' title="bbox 525 1905 1301 1989; baseline 0.003 -21"><span class='ocrx_word' id='word_1_116' title='bbox 525 1907 630 1989; x_wconf 84' lang='grc' dir='ltr'><strong><em>αἵματι</em></strong></span> <span class='ocrx_word' id='word_1_117' title='bbox 652 1905 811 1987; x_wconf 75' lang='grc' dir='ltr'><em>λευγαλέῳ</em></span> <span class='ocrx_word' id='word_1_118' title='bbox 833 1905 1058 1988; x_wconf 80' lang='grc' dir='ltr'><strong><em>πεπαλαγμένη</em></strong></span> <span class='ocrx_word' id='word_1_119' title='bbox 1083 1907 1169 1988; x_wconf 79' lang='grc' dir='ltr'><strong><em>ἅψεα</em></strong></span> <span class='ocrx_word' id='word_1_120' title='bbox 1191 1905 1301 1971; x_wconf 87' lang='grc' dir='ltr'><strong><em>πάντα.</em></strong></span> 
     </span>
    </p>
   </div>
   <div class='ocr_carea' id='block_1_4' title="bbox 374 2048 1374 2222">
    <p class='ocr_par' dir='ltr' id='par_1_4' title="bbox 374 2048 1374 2222">
     <span class='ocr_line' id='line_1_17' title="bbox 374 2048 1296 2124; baseline 0 -12"><span class='ocrx_word' id='word_1_121' title='bbox 374 2055 403 2112; x_wconf 90' lang='lat' dir='ltr'>et</span> <span class='ocrx_word' id='word_1_122' title='bbox 425 2053 502 2124; x_wconf 83' lang='lat' dir='ltr'>XI,8</span> <span class='ocrx_word' id='word_1_123' title='bbox 527 2069 590 2111; x_wconf 90' lang='lat' dir='ltr'>cum</span> <span class='ocrx_word' id='word_1_124' title='bbox 613 2052 697 2111; x_wconf 85' lang='lat' dir='ltr'>Eride</span> <span class='ocrx_word' id='word_1_125' title='bbox 720 2051 874 2111; x_wconf 89' lang='lat' dir='ltr'>coniuncta</span> <span class='ocrx_word' id='word_1_126' title='bbox 1004 2049 1173 2113; x_wconf 86' lang='grc' dir='ltr'><strong><em>στονόεσσα</em></strong></span> <span class='ocrx_word' id='word_1_127' title='bbox 1192 2048 1296 2114; x_wconf 84' lang='grc' dir='ltr'><strong><em>Ἐνυώ</em></strong></span> 
     </span>
     <span class='ocr_line' id='line_1_18' title="bbox 526 2137 1374 2222; baseline -0.001 -21"><span class='ocrx_word' id='word_1_128' title='bbox 526 2140 626 2222; x_wconf 82' lang='grc' dir='ltr'><strong><em>ἄμφω</em></strong></span> <span class='ocrx_word' id='word_1_129' title='bbox 650 2138 714 2202; x_wconf 80' lang='grc' dir='ltr'>ἀπὸ</span> <span class='ocrx_word' id='word_1_130' title='bbox 738 2139 903 2221; x_wconf 83' lang='grc' dir='ltr'><strong><em>στομάτων</em></strong></span> <span class='ocrx_word' id='word_1_131' title='bbox 927 2137 1023 2202; x_wconf 86' lang='grc' dir='ltr'><strong><em>ὀλοὸν</em></strong></span> <span class='ocrx_word' id='word_1_132' title='bbox 1045 2139 1207 2202; x_wconf 88' lang='grc' dir='ltr'><strong><em>πνείουσαι</em></strong></span> <span class='ocrx_word' id='word_1_133' title='bbox 1231 2139 1374 2221; x_wconf 76' lang='grc' dir='ltr'>ὄλεθρον.</span> 
     </span>
    </p>
   </div>
   <div class='ocr_carea' id='block_1_5' title="bbox 374 2283 1555 2632">
    <p class='ocr_par' dir='ltr' id='par_1_5' title="bbox 374 2283 1555 2632">
     <span class='ocr_line' id='line_1_19' title="bbox 374 2283 1553 2368; baseline -0.001 -26"><span class='ocrx_word' id='word_1_134' title='bbox 374 2283 460 2343; x_wconf 82' lang='lat' dir='ltr'>Haud</span> <span class='ocrx_word' id='word_1_135' title='bbox 483 2285 579 2368; x_wconf 82' lang='lat' dir='ltr'>inepte</span> <span class='ocrx_word' id='word_1_136' title='bbox 603 2284 743 2359; x_wconf 82' lang='lat' dir='ltr'>sanguine</span> <span class='ocrx_word' id='word_1_137' title='bbox 766 2283 887 2343; x_wconf 88' lang='lat' dir='ltr'>offusam</span> <span class='ocrx_word' id='word_1_138' title='bbox 910 2285 990 2344; x_wconf 91' lang='lat' dir='ltr'>deam</span> <span class='ocrx_word' id='word_1_139' title='bbox 1012 2284 1106 2359; x_wconf 84' lang='lat' dir='ltr'>pinxit</span> <span class='ocrx_word' id='word_1_140' title='bbox 1128 2285 1210 2344; x_wconf 90' lang='lat' dir='ltr'>deam</span> <span class='ocrx_word' id='word_1_141' title='bbox 1233 2285 1318 2344; x_wconf 88' lang='lat' dir='ltr'>caedo</span> <span class='ocrx_word' id='word_1_142' title='bbox 1342 2283 1461 2343; x_wconf 89' lang='lat' dir='ltr'>cruenta</span> <span class='ocrx_word' id='word_1_143' title='bbox 1478 2301 1553 2358; x_wconf 83' lang='lat' dir='ltr'>gau-</span> 
     </span>
     <span class='ocr_line' id='line_1_20' title="bbox 374 2373 1554 2448; baseline 0 -16"><span class='ocrx_word' id='word_1_144' title='bbox 374 2374 500 2447; x_wconf 89' lang='lat' dir='ltr'>dentem;</span> <span class='ocrx_word' id='word_1_145' title='bbox 534 2375 584 2433; x_wconf 90' lang='lat' dir='ltr'>sed</span> <span class='ocrx_word' id='word_1_146' title='bbox 615 2374 683 2434; x_wconf 89' lang='lat' dir='ltr'>licet</span> <span class='ocrx_word' id='word_1_147' title='bbox 714 2373 833 2447; x_wconf 91' lang='lat' dir='ltr'>primus,</span> <span class='ocrx_word' id='word_1_148' title='bbox 866 2375 1005 2447; x_wconf 89' lang='lat' dir='ltr'>quantum</span> <span class='ocrx_word' id='word_1_149' title='bbox 1038 2374 1106 2432; x_wconf 89' lang='lat' dir='ltr'>sciri</span> <span class='ocrx_word' id='word_1_150' title='bbox 1133 2375 1239 2448; x_wconf 89' lang='lat' dir='ltr'>potest,</span> <span class='ocrx_word' id='word_1_151' title='bbox 1272 2374 1353 2448; x_wconf 84' lang='lat' dir='ltr'>Enyo</span> <span class='ocrx_word' id='word_1_152' title='bbox 1377 2374 1432 2432; x_wconf 87' lang='lat' dir='ltr'>hac</span> <span class='ocrx_word' id='word_1_153' title='bbox 1455 2374 1554 2446; x_wconf 91' lang='lat' dir='ltr'>specie</span> 
     </span>
     <span class='ocr_line' id='line_1_21' title="bbox 374 2461 1555 2534; baseline -0.001 -12"><span class='ocrx_word' id='word_1_154' title='bbox 374 2463 507 2532; x_wconf 73' lang='lat' dir='ltr'>affeoemt</span> <span class='ocrx_word' id='word_1_155' title='bbox 540 2465 635 2523; x_wconf 89' lang='lat' dir='ltr'>tamen</span> <span class='ocrx_word' id='word_1_156' title='bbox 667 2481 767 2523; x_wconf 83' lang='lat' dir='ltr'>caveas</span> <span class='ocrx_word' id='word_1_157' title='bbox 794 2481 830 2522; x_wconf 90' lang='lat' dir='ltr'>ne</span> <span class='ocrx_word' id='word_1_158' title='bbox 853 2463 970 2522; x_wconf 80' lang='lat' dir='ltr'>nlmiam</span> <span class='ocrx_word' id='word_1_159' title='bbox 992 2463 1105 2522; x_wconf 88' lang='lat' dir='ltr'>laudem</span> <span class='ocrx_word' id='word_1_160' title='bbox 1129 2463 1155 2522; x_wconf 91' lang='lat' dir='ltr'>ei</span> <span class='ocrx_word' id='word_1_161' title='bbox 1177 2463 1301 2534; x_wconf 87' lang='lat' dir='ltr'>tribuas;</span> <span class='ocrx_word' id='word_1_162' title='bbox 1334 2461 1451 2524; x_wconf 92' lang='lat' dir='ltr'>Homeri</span> <span class='ocrx_word' id='word_1_163' title='bbox 1474 2463 1555 2521; x_wconf 91' lang='lat' dir='ltr'>enim</span> 
     </span>
     <span class='ocr_line' id='line_1_22' title="bbox 374 2549 1396 2632; baseline -0.002 -20"><span class='ocrx_word' id='word_1_164' title='bbox 374 2553 594 2628; x_wconf 78' lang='lat' dir='ltr'>descriptionem</span> <span class='ocrx_word' id='word_1_165' title='bbox 616 2552 797 2612; x_wconf 88' lang='lat' dir='ltr'>notissimam</span> <span class='ocrx_word' id='word_1_166' title='bbox 820 2553 997 2624; x_wconf 89' lang='lat' dir='ltr'>daemonum,</span> <span class='ocrx_word' id='word_1_167' title='bbox 1023 2570 1095 2626; x_wconf 89' lang='lat' dir='ltr'>quae</span> <span class='ocrx_word' id='word_1_168' title='bbox 1118 2549 1226 2632; x_wconf 84' lang='grc' dir='ltr'><strong><em>Κῆρες</em></strong></span> <span class='ocrx_word' id='word_1_169' title='bbox 1248 2554 1396 2624; x_wconf 77' lang='lat' dir='ltr'>vocantur,</span> 
     </span>
    </p>
   </div>
   <div class='ocr_carea' id='block_1_6' title="bbox 373 2691 1650 2803">
    <p class='ocr_par' dir='ltr' id='par_1_6' title="bbox 373 2691 1650 2803">
     <span class='ocr_line' id='line_1_23' title="bbox 373 2691 1650 2803; baseline 0 -48"><span class='ocrx_word' id='word_1_170' title='bbox 373 2692 408 2755; x_wconf 90' lang='grc' dir='ltr'><em>Σ</em></span> <span class='ocrx_word' id='word_1_171' title='bbox 414 2699 480 2756; x_wconf 85' lang='lat'>535:</span> <span class='ocrx_word' id='word_1_172' title='bbox 506 2693 577 2776; x_wconf 83' lang='grc' dir='ltr'><em>εἷμα</em></span> <span class='ocrx_word' id='word_1_173' title='bbox 602 2693 632 2756; x_wconf 81' lang='grc' dir='ltr'>δ’</span> <span class='ocrx_word' id='word_1_174' title='bbox 658 2694 703 2776; x_wconf 83' lang='grc' dir='ltr'>ἔχ’</span> <span class='ocrx_word' id='word_1_175' title='bbox 730 2693 811 2775; x_wconf 74' lang='grc' dir='ltr'><strong><em>ἀμφ’</em></strong></span> <span class='ocrx_word' id='word_1_176' title='bbox 834 2693 950 2776; x_wconf 87' lang='grc' dir='ltr'><strong><em>ὤμοισι</em></strong></span> <span class='ocrx_word' id='word_1_177' title='bbox 974 2691 1145 2774; x_wconf 79' lang='grc' dir='ltr'><strong><em>δαφοινεὸν</em></strong></span> <span class='ocrx_word' id='word_1_178' title='bbox 1168 2693 1275 2774; x_wconf 84' lang='grc' dir='ltr'><strong><em>αἵματι</em></strong></span> <span class='ocrx_word' id='word_1_179' title='bbox 1297 2697 1418 2774; x_wconf 82' lang='grc' dir='ltr'><strong><em>φωτῶν</em></strong></span> <span class='ocrx_word' id='word_1_180' title='bbox 1440 2716 1470 2755; x_wconf 88' lang='grc' dir='ltr'>κ.</span> <span class='ocrx_word' id='word_1_181' title='bbox 1485 2716 1511 2755; x_wconf 93' lang='grc' dir='ltr'>τ.</span> <span class='ocrx_word' id='word_1_182' title='bbox 1526 2693 1554 2757; x_wconf 93' lang='grc' dir='ltr'>λ.</span> <span class='ocrx_word' id='word_1_183' title='bbox 1649 2780 1650 2803; x_wconf 23' lang='grc' dir='ltr'><strong><em>η</em></strong></span> 
     </span>
    </p>
   </div>
   <div class='ocr_carea' id='block_1_7' title="bbox 374 2839 1651 3094">
    <p class='ocr_par' dir='ltr' id='par_1_7' title="bbox 374 2839 1651 3094">
     <span class='ocr_line' id='line_1_24' title="bbox 376 2839 1555 2914; baseline -0.002 -14"><span class='ocrx_word' id='word_1_184' title='bbox 376 2841 475 2910; x_wconf 83' lang='lat' dir='ltr'>Quinti</span> <span class='ocrx_word' id='word_1_185' title='bbox 498 2840 588 2900; x_wconf 89' lang='lat' dir='ltr'>oculis</span> <span class='ocrx_word' id='word_1_186' title='bbox 613 2841 791 2900; x_wconf 83' lang='lat' dir='ltr'>obversatam</span> <span class='ocrx_word' id='word_1_187' title='bbox 813 2857 875 2900; x_wconf 89' lang='lat' dir='ltr'>esse</span> <span class='ocrx_word' id='word_1_188' title='bbox 898 2857 980 2899; x_wconf 92' lang='lat' dir='ltr'>nemo</span> <span class='ocrx_word' id='word_1_189' title='bbox 1003 2857 1060 2899; x_wconf 92' lang='lat' dir='ltr'>non</span> <span class='ocrx_word' id='word_1_190' title='bbox 1083 2840 1169 2900; x_wconf 82' lang='lat' dir='ltr'>videt.</span> <span class='ocrx_word' id='word_1_191' title='bbox 1225 2841 1325 2914; x_wconf 84' lang='lat' dir='ltr'>Neque</span> <span class='ocrx_word' id='word_1_192' title='bbox 1356 2839 1387 2898; x_wconf 90' lang='lat' dir='ltr'>in</span> <span class='ocrx_word' id='word_1_193' title='bbox 1418 2839 1555 2914; x_wconf 89' lang='lat' dir='ltr'>partibus</span> 
     </span>
     <span class='ocr_line' id='line_1_25' title="bbox 375 2929 1651 3012; baseline -0.002 -22"><span class='ocrx_word' id='word_1_194' title='bbox 375 2931 473 3006; x_wconf 83' lang='lat' dir='ltr'>Enyus</span> <span class='ocrx_word' id='word_1_195' title='bbox 506 2930 673 2989; x_wconf 87' lang='lat' dir='ltr'>enarrandis</span> <span class='ocrx_word' id='word_1_196' title='bbox 696 2931 812 2990; x_wconf 92' lang='lat' dir='ltr'>Homeri</span> <span class='ocrx_word' id='word_1_197' title='bbox 842 2930 1040 2989; x_wconf 88' lang='lat' dir='ltr'>anctoritatem</span> <span class='ocrx_word' id='word_1_198' title='bbox 1073 2930 1191 2990; x_wconf 90' lang='lat' dir='ltr'>abiecit:</span> <span class='ocrx_word' id='word_1_199' title='bbox 1224 2929 1415 3005; x_wconf 82' lang='lat' dir='ltr'>pugnantium</span> <span class='ocrx_word' id='word_1_200' title='bbox 1439 2929 1555 2989; x_wconf 90' lang='lat' dir='ltr'>animos</span> <span class='ocrx_word' id='word_1_201' title='bbox 1650 2985 1651 3012; x_wconf 59' lang='lat'>,</span> 
     </span>
     <span class='ocr_line' id='line_1_26' title="bbox 374 3017 1651 3094; baseline -0.001 -16"><span class='ocrx_word' id='word_1_202' title='bbox 374 3019 477 3079; x_wconf 90' lang='lat' dir='ltr'>incitat</span> <span class='ocrx_word' id='word_1_203' title='bbox 499 3020 607 3079; x_wconf 90' lang='lat' dir='ltr'>medias</span> <span class='ocrx_word' id='word_1_204' title='bbox 632 3019 707 3080; x_wconf 89' lang='lat' dir='ltr'>acies</span> <span class='ocrx_word' id='word_1_205' title='bbox 729 3037 893 3094; x_wconf 89' lang='lat' dir='ltr'>pererrans:</span> <span class='ocrx_word' id='word_1_206' title='bbox 1650 3017 1651 3030; x_wconf 60' lang='lat'>¹</span> 
     </span>
    </p>
   </div>
   <div class='ocr_carea' id='block_1_8' title="bbox 374 3158 1367 3458">
    <p class='ocr_par' dir='ltr' id='par_1_8' title="bbox 374 3158 1367 3458">
     <span class='ocr_line' id='line_1_27' title="bbox 374 3158 1230 3241; baseline -0.001 -17"><span class='ocrx_word' id='word_1_207' title='bbox 374 3163 455 3236; x_wconf 83' lang='lat' dir='ltr'>VIII,</span> <span class='ocrx_word' id='word_1_208' title='bbox 468 3165 532 3222; x_wconf 88' lang='lat'>186:</span> <span class='ocrx_word' id='word_1_209' title='bbox 640 3158 713 3230; x_wconf 83' lang='grc' dir='ltr'><strong><em>τοὺς</em></strong></span> <span class='ocrx_word' id='word_1_210' title='bbox 737 3160 767 3223; x_wconf 80' lang='grc' dir='ltr'>δ’</span> <span class='ocrx_word' id='word_1_211' title='bbox 793 3160 859 3224; x_wconf 86' lang='grc' dir='ltr'><strong><em>αἰὲν</em></strong></span> <span class='ocrx_word' id='word_1_212' title='bbox 882 3159 1107 3241; x_wconf 80' lang='grc' dir='ltr'><strong><em>ἐποτρύνεσκεν</em></strong></span> <span class='ocrx_word' id='word_1_213' title='bbox 1125 3158 1230 3223; x_wconf 82' lang='grc' dir='ltr'><strong><em>Ἐνυώ</em></strong></span> 
     </span>
     <span class='ocr_line' id='line_1_28' title="bbox 466 3265 1308 3350; baseline 0.001 -23"><span class='ocrx_word' id='word_1_214' title='bbox 466 3273 531 3330; x_wconf 79' lang='lat'><strong>286:</strong></span> <span class='ocrx_word' id='word_1_215' title='bbox 624 3267 717 3350; x_wconf 67' lang='grc' dir='ltr'><em>’ὀλοὴ</em></span> <span class='ocrx_word' id='word_1_216' title='bbox 742 3268 772 3330; x_wconf 80' lang='grc' dir='ltr'>δ’</span> <span class='ocrx_word' id='word_1_217' title='bbox 799 3266 859 3330; x_wconf 85' lang='grc' dir='ltr'>ἀνὰ</span> <span class='ocrx_word' id='word_1_218' title='bbox 881 3267 999 3349; x_wconf 82' lang='grc' dir='ltr'><strong><em>μέσσον</em></strong></span> <span class='ocrx_word' id='word_1_219' title='bbox 1018 3265 1122 3330; x_wconf 82' lang='grc' dir='ltr'><strong><em>Ἐνυώ</em></strong></span> <span class='ocrx_word' id='word_1_220' title='bbox 1147 3267 1308 3349; x_wconf 81' lang='grc' dir='ltr'><strong><em>στρωφᾶτ’</em></strong></span> 
     </span>
     <span class='ocr_line' id='line_1_29' title="bbox 374 3373 1367 3458; baseline 0 -22"><span class='ocrx_word' id='word_1_221' title='bbox 374 3379 465 3450; x_wconf 91' lang='lat' dir='ltr'>XI‚8:</span> <span class='ocrx_word' id='word_1_222' title='bbox 640 3375 674 3438; x_wconf 78' lang='grc' dir='ltr'>έν</span> <span class='ocrx_word' id='word_1_223' title='bbox 696 3376 858 3458; x_wconf 86' lang='grc' dir='ltr'><strong><em>μέσσοισιν</em></strong></span> <span class='ocrx_word' id='word_1_224' title='bbox 874 3373 963 3456; x_wconf 83' lang='grc' dir='ltr'><strong><em>Ἔρις</em></strong></span> <span class='ocrx_word' id='word_1_225' title='bbox 985 3374 1040 3438; x_wconf 79' lang='grc' dir='ltr'>καὶ</span> <span class='ocrx_word' id='word_1_226' title='bbox 1063 3373 1233 3438; x_wconf 87' lang='grc' dir='ltr'><strong><em>στονόεσσα</em></strong></span> <span class='ocrx_word' id='word_1_227' title='bbox 1252 3373 1367 3438; x_wconf 87' lang='grc' dir='ltr'><strong><em>Ἐνυώ.</em></strong></span> 
     </span>
    </p>
   </div>
   <div class='ocr_carea' id='block_1_9' title="bbox 375 3507 1555 4043">
    <p class='ocr_par' dir='ltr' id='par_1_9' title="bbox 375 3507 1555 4043">
     <span class='ocr_line' id='line_1_30' title="bbox 377 3507 1555 3601; baseline 0.001 -22"><span class='ocrx_word' id='word_1_228' title='bbox 377 3520 460 3590; x_wconf 79' lang='lat' dir='ltr'>Quod</span> <span class='ocrx_word' id='word_1_229' title='bbox 487 3539 520 3580; x_wconf 82' lang='lat' dir='ltr'>ex</span> <span class='ocrx_word' id='word_1_230' title='bbox 542 3507 786 3596; x_wconf 73' lang='lat' dir='ltr'>Homero&#39;petiit,</span> <span class='ocrx_word' id='word_1_231' title='bbox 816 3520 865 3595; x_wconf 85' lang='lat' dir='ltr'>qui</span> <span class='ocrx_word' id='word_1_232' title='bbox 887 3517 921 3580; x_wconf 85' lang='lat' dir='ltr'><em>E</em></span> <span class='ocrx_word' id='word_1_233' title='bbox 932 3524 984 3578; x_wconf 87' lang='lat'>518</span> <span class='ocrx_word' id='word_1_234' title='bbox 1007 3521 1121 3580; x_wconf 85' lang='lat' dir='ltr'>Eridom</span> <span class='ocrx_word' id='word_1_235' title='bbox 1148 3521 1220 3580; x_wconf 85' lang='lat' dir='ltr'>facit</span> <span class='ocrx_word' id='word_1_236' title='bbox 1241 3517 1352 3600; x_wconf 86' lang='grc' dir='ltr'><strong><em>μέσσῳ</em></strong></span> <span class='ocrx_word' id='word_1_237' title='bbox 1375 3518 1555 3601; x_wconf 83' lang='grc' dir='ltr'><strong><em>ἐρχομένην</em></strong></span> 
     </span>
     <span class='ocr_line' id='line_1_31' title="bbox 375 3606 1555 3689; baseline -0.002 -19"><span class='ocrx_word' id='word_1_238' title='bbox 375 3606 454 3670; x_wconf 70' lang='grc' dir='ltr'>καθ’</span> <span class='ocrx_word' id='word_1_239' title='bbox 480 3607 599 3689; x_wconf 86' lang='grc' dir='ltr'><strong><em>ὅμιλον.</em></strong></span> <span class='ocrx_word' id='word_1_240' title='bbox 655 3611 742 3670; x_wconf 90' lang='lat' dir='ltr'>Porro</span> <span class='ocrx_word' id='word_1_241' title='bbox 767 3627 781 3670; x_wconf 89' lang='lat' dir='ltr'>e</span> <span class='ocrx_word' id='word_1_242' title='bbox 806 3610 911 3680; x_wconf 79' lang='lat' dir='ltr'>Quinto</span> <span class='ocrx_word' id='word_1_243' title='bbox 945 3611 1091 3682; x_wconf 85' lang='lat' dir='ltr'>discimus,</span> <span class='ocrx_word' id='word_1_244' title='bbox 1125 3611 1201 3684; x_wconf 88' lang='lat' dir='ltr'>quod</span> <span class='ocrx_word' id='word_1_245' title='bbox 1231 3610 1301 3669; x_wconf 90' lang='lat' dir='ltr'>belli</span> <span class='ocrx_word' id='word_1_246' title='bbox 1324 3611 1493 3670; x_wconf 90' lang='lat' dir='ltr'>daemonum</span> <span class='ocrx_word' id='word_1_247' title='bbox 1516 3611 1555 3668; x_wconf 89' lang='lat' dir='ltr'>ad</span> 
     </span>
     <span class='ocr_line' id='line_1_32' title="bbox 376 3699 1554 3775; baseline -0.001 -17"><span class='ocrx_word' id='word_1_248' title='bbox 376 3717 465 3758; x_wconf 91' lang='lat' dir='ltr'>unum</span> <span class='ocrx_word' id='word_1_249' title='bbox 488 3699 613 3759; x_wconf 89' lang='lat' dir='ltr'>omnium</span> <span class='ocrx_word' id='word_1_250' title='bbox 636 3715 782 3760; x_wconf 89' lang='lat' dir='ltr'>commune</span> <span class='ocrx_word' id='word_1_251' title='bbox 805 3718 839 3758; x_wconf 88' lang='lat' dir='ltr'>ac</span> <span class='ocrx_word' id='word_1_252' title='bbox 861 3699 1004 3775; x_wconf 89' lang='lat' dir='ltr'>peculiare</span> <span class='ocrx_word' id='word_1_253' title='bbox 1027 3702 1085 3759; x_wconf 92' lang='lat' dir='ltr'>est:</span> <span class='ocrx_word' id='word_1_254' title='bbox 1110 3717 1252 3773; x_wconf 89' lang='lat' dir='ltr'>nusquam</span> <span class='ocrx_word' id='word_1_255' title='bbox 1265 3700 1346 3774; x_wconf 81' lang='lat' dir='ltr'>Enyo</span> <span class='ocrx_word' id='word_1_256' title='bbox 1370 3699 1475 3759; x_wconf 89' lang='lat' dir='ltr'>dieitur</span> <span class='ocrx_word' id='word_1_257' title='bbox 1498 3699 1554 3757; x_wconf 91' lang='lat' dir='ltr'>ali-</span> 
     </span>
     <span class='ocr_line' id='line_1_33' title="bbox 377 3785 1554 3868; baseline 0.001 -21"><span class='ocrx_word' id='word_1_258' title='bbox 377 3789 457 3848; x_wconf 90' lang='lat' dir='ltr'>cuius</span> <span class='ocrx_word' id='word_1_259' title='bbox 480 3789 612 3863; x_wconf 89' lang='lat' dir='ltr'>partibus</span> <span class='ocrx_word' id='word_1_260' title='bbox 626 3790 720 3849; x_wconf 83' lang='lat' dir='ltr'>favere</span> <span class='ocrx_word' id='word_1_261' title='bbox 734 3790 814 3860; x_wconf 85' lang='lat' dir='ltr'>VIII,</span> <span class='ocrx_word' id='word_1_262' title='bbox 826 3793 892 3847; x_wconf 81' lang='lat'>286:</span> <span class='ocrx_word' id='word_1_263' title='bbox 917 3786 988 3848; x_wconf 78' lang='grc' dir='ltr'><strong><em>οὐδ’</em></strong></span> <span class='ocrx_word' id='word_1_264' title='bbox 1005 3787 1152 3868; x_wconf 88' lang='grc' dir='ltr'><strong><em>ἑτέροισιν</em></strong></span> <span class='ocrx_word' id='word_1_265' title='bbox 1166 3787 1293 3868; x_wconf 83' lang='grc' dir='ltr'><strong><em>ἄμυνεν,</em></strong></span> <span class='ocrx_word' id='word_1_266' title='bbox 1318 3789 1435 3859; x_wconf 82' lang='lat'>11,525:</span> <span class='ocrx_word' id='word_1_267' title='bbox 1461 3785 1554 3868; x_wconf 82' lang='grc' dir='ltr'><strong><em>δῆριν</em></strong></span> 
     </span>
     <span class='ocr_line' id='line_1_34' title="bbox 376 3873 1553 3958; baseline 0 -21"><span class='ocrx_word' id='word_1_268' title='bbox 376 3877 446 3958; x_wconf 86' lang='grc' dir='ltr'><strong><em>ἴσην</em></strong></span> <span class='ocrx_word' id='word_1_269' title='bbox 480 3875 615 3948; x_wconf 82' lang='grc' dir='ltr'><strong><em>ἒτάνυσε,</em></strong></span> <span class='ocrx_word' id='word_1_270' title='bbox 646 3879 696 3950; x_wconf 90' lang='lat' dir='ltr'>XI,</span> <span class='ocrx_word' id='word_1_271' title='bbox 707 3883 773 3937; x_wconf 82' lang='lat'>257:</span> <span class='ocrx_word' id='word_1_272' title='bbox 807 3876 977 3957; x_wconf 76' lang='grc' dir='ltr'><strong><em>ἕκατέρόεν</em></strong></span> <span class='ocrx_word' id='word_1_273' title='bbox 1009 3877 1078 3958; x_wconf 84' lang='grc' dir='ltr'><strong><em>ἴσην</em></strong></span> <span class='ocrx_word' id='word_1_274' title='bbox 1111 3875 1256 3939; x_wconf 79' lang='grc' dir='ltr'><strong><em>ἑτάνιισεν</em></strong></span> <span class='ocrx_word' id='word_1_275' title='bbox 1275 3873 1378 3938; x_wconf 82' lang='grc' dir='ltr'><strong><em>Ἐνυώ</em></strong></span> <span class='ocrx_word' id='word_1_276' title='bbox 1408 3874 1553 3957; x_wconf 80' lang='grc' dir='ltr'><strong><em>ὑσμίνην.</em></strong></span> 
     </span>
     <span class='ocr_line' id='line_1_35' title="bbox 377 3967 1555 4043; baseline -0.001 -17"><span class='ocrx_word' id='word_1_277' title='bbox 377 3967 464 4027; x_wconf 79' lang='lat' dir='ltr'>Cuius</span> <span class='ocrx_word' id='word_1_278' title='bbox 487 3967 529 4026; x_wconf 91' lang='lat' dir='ltr'>rei</span> <span class='ocrx_word' id='word_1_279' title='bbox 552 3985 640 4028; x_wconf 88' lang='lat' dir='ltr'>causa</span> <span class='ocrx_word' id='word_1_280' title='bbox 662 3968 747 4028; x_wconf 85' lang='lat' dir='ltr'>facile</span> <span class='ocrx_word' id='word_1_281' title='bbox 769 3968 955 4043; x_wconf 81' lang='lat' dir='ltr'>perspicItur3</span> <span class='ocrx_word' id='word_1_282' title='bbox 988 3984 1047 4028; x_wconf 92' lang='lat' dir='ltr'>non</span> <span class='ocrx_word' id='word_1_283' title='bbox 1079 3968 1154 4028; x_wconf 88' lang='lat' dir='ltr'>euim</span> <span class='ocrx_word' id='word_1_284' title='bbox 1185 3969 1348 4042; x_wconf 81' lang='lat' dir='ltr'>pugnantes</span> <span class='ocrx_word' id='word_1_285' title='bbox 1377 3983 1461 4027; x_wconf 89' lang='lat' dir='ltr'>curae</span> <span class='ocrx_word' id='word_1_286' title='bbox 1485 3968 1555 4026; x_wconf 88' lang='lat' dir='ltr'>sunt</span> 
     </span>
    </p>
   </div>
   <div class='ocr_carea' id='block_1_10' title="bbox 377 4191 1552 4407">
    <p class='ocr_par' dir='ltr' id='par_1_10' title="bbox 377 4191 1552 4407">
     <span class='ocr_line' id='line_1_36' title="bbox 400 4191 1552 4266; baseline -0.005 -14"><span class='ocrx_word' id='word_1_287' title='bbox 400 4247 401 4252; x_wconf 73' lang='grc'>,</span> <span class='ocrx_word' id='word_1_288' title='bbox 466 4195 532 4266; x_wconf 83' lang='grc' dir='ltr'>1)τ.</span> <span class='ocrx_word' id='word_1_289' title='bbox 551 4195 657 4262; x_wconf 84' lang='lat' dir='ltr'>Haupt:</span> <span class='ocrx_word' id='word_1_290' title='bbox 680 4210 769 4263; x_wconf 92' lang='lat' dir='ltr'>opusc.</span> <span class='ocrx_word' id='word_1_291' title='bbox 788 4194 825 4263; x_wconf 89' lang='lat' dir='ltr'>H,</span> <span class='ocrx_word' id='word_1_292' title='bbox 836 4209 870 4249; x_wconf 87' lang='lat' dir='ltr'>co.</span> <span class='ocrx_word' id='word_1_293' title='bbox 915 4191 1149 4263; x_wconf 86' lang='lat' dir='ltr'>Reiohonberger:</span> <span class='ocrx_word' id='word_1_294' title='bbox 1172 4193 1387 4263; x_wconf 82' lang='lat' dir='ltr'>Hntwiclrelung</span> <span class='ocrx_word' id='word_1_295' title='bbox 1405 4193 1430 4248; x_wconf 94' lang='lat' dir='ltr'>d.</span> <span class='ocrx_word' id='word_1_296' title='bbox 1449 4195 1552 4247; x_wconf 87' lang='lat' dir='ltr'>mston.</span> 
     </span>
     <span class='ocr_line' id='line_1_37' title="bbox 377 4265 1003 4336; baseline -0.002 -15"><span class='ocrx_word' id='word_1_297' title='bbox 377 4266 533 4321; x_wconf 85' lang='lat' dir='ltr'>Gabrauehs</span> <span class='ocrx_word' id='word_1_298' title='bbox 551 4283 577 4320; x_wconf 88' lang='lat' dir='ltr'>v.</span> <span class='ocrx_word' id='word_1_299' title='bbox 597 4266 801 4334; x_wconf 78' lang='lat' dir='ltr'>Gottemameu,</span> <span class='ocrx_word' id='word_1_300' title='bbox 823 4265 900 4336; x_wconf 88' lang='lat'>1891,</span> <span class='ocrx_word' id='word_1_301' title='bbox 919 4283 944 4334; x_wconf 94' lang='lat' dir='ltr'>p.</span> <span class='ocrx_word' id='word_1_302' title='bbox 962 4266 1003 4320; x_wconf 90' lang='lat'>16.</span> 
     </span>
     <span class='ocr_line' id='line_1_38' title="bbox 467 4334 1552 4407; baseline -0.002 -16"><span class='ocrx_word' id='word_1_303' title='bbox 467 4337 488 4407; x_wconf 71' lang='lat'>⁹)</span> <span class='ocrx_word' id='word_1_304' title='bbox 507 4337 568 4391; x_wconf 85' lang='lat' dir='ltr'>Etsi</span> <span class='ocrx_word' id='word_1_305' title='bbox 586 4337 733 4392; x_wconf 86' lang='lat' dir='ltr'>Schneider</span> <span class='ocrx_word' id='word_1_306' title='bbox 752 4337 882 4405; x_wconf 84' lang='lat' dir='ltr'>exemplis</span> <span class='ocrx_word' id='word_1_307' title='bbox 901 4336 982 4391; x_wconf 83' lang='lat' dir='ltr'>fulcit</span> <span class='ocrx_word' id='word_1_308' title='bbox 1001 4336 1097 4390; x_wconf 87' lang='lat' dir='ltr'>miram</span> <span class='ocrx_word' id='word_1_309' title='bbox 1121 4337 1309 4406; x_wconf 86' lang='lat' dir='ltr'>elocutionem,</span> <span class='ocrx_word' id='word_1_310' title='bbox 1335 4352 1395 4390; x_wconf 88' lang='lat' dir='ltr'>eum</span> <span class='ocrx_word' id='word_1_311' title='bbox 1414 4334 1552 4390; x_wconf 84' lang='lat' dir='ltr'>Heinelrio</span> 
     </span>
    </p>
   </div>
   <div class='ocr_carea' id='block_1_11' title="bbox 280 4407 1285 4495">
    <p class='ocr_par' dir='ltr' id='par_1_11' title="bbox 280 4407 1285 4495">
     <span class='ocr_line' id='line_1_39' title="bbox 280 4407 1285 4495; baseline -0.001 -32"><span class='ocrx_word' id='word_1_312' title='bbox 280 4487 284 4495; x_wconf 89' lang='lat'><em>.</em></span> <span class='ocrx_word' id='word_1_313' title='bbox 377 4410 471 4478; x_wconf 75' lang='lat' dir='ltr'>legera</span> <span class='ocrx_word' id='word_1_314' title='bbox 488 4407 583 4463; x_wconf 86' lang='lat' dir='ltr'>velim:</span> <span class='ocrx_word' id='word_1_315' title='bbox 603 4409 747 4477; x_wconf 78' lang='grc' dir='ltr'><strong><em>δρηστῆρες</em></strong></span> <span class='ocrx_word' id='word_1_316' title='bbox 766 4409 866 4463; x_wconf 87' lang='lat' dir='ltr'>collato</span> <span class='ocrx_word' id='word_1_317' title='bbox 885 4409 943 4464; x_wconf 87' lang='lat' dir='ltr'>leco</span> <span class='ocrx_word' id='word_1_318' title='bbox 963 4424 996 4463; x_wconf 82' lang='lat' dir='ltr'>ex</span> <span class='ocrx_word' id='word_1_319' title='bbox 1015 4407 1137 4462; x_wconf 81' lang='lat' dir='ltr'>Colluthi</span> <span class='ocrx_word' id='word_1_320' title='bbox 1155 4424 1177 4462; x_wconf 92' lang='lat' dir='ltr'>r.</span> <span class='ocrx_word' id='word_1_321' title='bbox 1192 4408 1226 4461; x_wconf 88' lang='grc' dir='ltr'>Η.</span> <span class='ocrx_word' id='word_1_322' title='bbox 1239 4423 1285 4462; x_wconf 72' lang='grc' dir='ltr'><strong><em>ιιι.</em></strong></span> 
     </span>
    </p>
   </div>
   <div class='ocr_carea' id='block_1_12' title="bbox 377 4477 1554 4622">
    <p class='ocr_par' dir='ltr' id='par_1_12' title="bbox 377 4477 1554 4622">
     <span class='ocr_line' id='line_1_40' title="bbox 467 4477 1554 4550; baseline -0.001 -17"><span class='ocrx_word' id='word_1_323' title='bbox 467 4480 488 4550; x_wconf 84' lang='lat'>³)</span> <span class='ocrx_word' id='word_1_324' title='bbox 507 4480 594 4534; x_wconf 88' lang='lat' dir='ltr'>Locus</span> <span class='ocrx_word' id='word_1_325' title='bbox 611 4479 809 4550; x_wconf 77' lang='lat' dir='ltr'>Thucydidem,</span> <span class='ocrx_word' id='word_1_326' title='bbox 830 4496 910 4548; x_wconf 86' lang='lat' dir='ltr'>quem</span> <span class='ocrx_word' id='word_1_327' title='bbox 929 4485 994 4534; x_wconf 86' lang='lat' dir='ltr'>ante</span> <span class='ocrx_word' id='word_1_328' title='bbox 1013 4480 1104 4534; x_wconf 86' lang='lat' dir='ltr'>oeulos</span> <span class='ocrx_word' id='word_1_329' title='bbox 1122 4485 1219 4549; x_wconf 85' lang='lat' dir='ltr'>poetae</span> <span class='ocrx_word' id='word_1_330' title='bbox 1239 4481 1411 4534; x_wconf 87' lang='lat' dir='ltr'>obversatum</span> <span class='ocrx_word' id='word_1_331' title='bbox 1431 4493 1487 4532; x_wconf 85' lang='lat' dir='ltr'>esse</span> <span class='ocrx_word' id='word_1_332' title='bbox 1507 4477 1554 4532; x_wconf 87' lang='lat' dir='ltr'>de·</span> 
     </span>
     <span class='ocr_line' id='line_1_41' title="bbox 377 4551 787 4622; baseline 0.002 -16"><span class='ocrx_word' id='word_1_333' title='bbox 377 4556 537 4622; x_wconf 86' lang='lat' dir='ltr'>monstrant,</span> <span class='ocrx_word' id='word_1_334' title='bbox 557 4551 625 4605; x_wconf 91' lang='lat' dir='ltr'>mihi</span> <span class='ocrx_word' id='word_1_335' title='bbox 643 4551 787 4621; x_wconf 88' lang='lat' dir='ltr'>persuasit.</span> 
     </span>
    </p>
   </div>
   <div class='ocr_carea' id='block_1_13' title="bbox 0 0 1685 5330">
    <p class='ocr_par' dir='ltr' id='par_1_13' title="bbox 0 0 1685 5330">
     <span class='ocr_line' id='line_1_42' title="bbox 0 0 1685 5330; baseline 0 0"><span class='ocrx_word' id='word_1_336' title='bbox 0 0 1685 5330; x_wconf 95' lang='lat' dir='ltr'> </span> 
     </span>
    </p>
   </div>
  </div>
 </body>
</html>
