<?xml version="1.0" encoding="UTF-8"?>
<!DOCTYPE html PUBLIC "-//W3C//DTD XHTML 1.0 Transitional//EN"
    "http://www.w3.org/TR/xhtml1/DTD/xhtml1-transitional.dtd">
<html xmlns="http://www.w3.org/1999/xhtml" xml:lang="en" lang="en">
 <head>
  <title>
</title>
<meta http-equiv="Content-Type" content="text/html;charset=utf-8" />
  <meta name='ocr-system' content='tesseract 3.04.00' />
  <meta name='ocr-capabilities' content='ocr_page ocr_carea ocr_par ocr_line ocrx_word'/>
</head>
<body>
  <div class='ocr_page' id='page_1' title='image "./debellidaemonib00berggoog_0027.png"; bbox 0 0 3346 5330; ppageno 0'>
   <div class='ocr_carea' id='block_1_1' title="bbox 848 563 1069 626">
    <p class='ocr_par' dir='ltr' id='par_1_1' title="bbox 848 563 1069 626">
     <span class='ocr_line' id='line_1_1' title="bbox 848 563 1069 626; baseline 0.005 -19"><span class='ocrx_word' id='word_1_1' title='bbox 848 563 1069 626; x_wconf 63' lang='lat'>-22-</span> 
     </span>
    </p>
   </div>
   <div class='ocr_carea' id='block_1_2' title="bbox 371 741 1545 1090">
    <p class='ocr_par' dir='ltr' id='par_1_2' title="bbox 371 741 1545 1090">
     <span class='ocr_line' id='line_1_2' title="bbox 438 741 1543 826; baseline -0.006 -20"><span class='ocrx_word' id='word_1_2' title='bbox 438 747 614 808; x_wconf 87' lang='lat' dir='ltr'>...dabit</span> <span class='ocrx_word' id='word_1_3' title='bbox 650 745 756 820; x_wconf 91' lang='lat' dir='ltr'>impia</span> <span class='ocrx_word' id='word_1_4' title='bbox 791 745 929 804; x_wconf 90' lang='lat' dir='ltr'>vinctas</span> <span class='ocrx_word' id='word_1_5' title='bbox 1051 745 1142 803; x_wconf 82' lang='lat' dir='ltr'>Furor</span> <span class='ocrx_word' id='word_1_6' title='bbox 1164 742 1294 818; x_wconf 88' lang='lat' dir='ltr'>impius</span> <span class='ocrx_word' id='word_1_7' title='bbox 1312 741 1543 826; x_wconf 70' lang='lat' dir='ltr'>iptus...oen-</span> 
     </span>
     <span class='ocr_line' id='line_1_3' title="bbox 371 829 1544 910; baseline -0.007 -14"><span class='ocrx_word' id='word_1_8' title='bbox 371 838 455 896; x_wconf 91' lang='lat' dir='ltr'>Post</span> <span class='ocrx_word' id='word_1_9' title='bbox 496 838 630 910; x_wconf 87' lang='lat' dir='ltr'>tergum</span> <span class='ocrx_word' id='word_1_10' title='bbox 671 835 791 894; x_wconf 81' lang='lat' dir='ltr'>Bellona</span> <span class='ocrx_word' id='word_1_11' title='bbox 827 851 930 893; x_wconf 90' lang='lat' dir='ltr'>manns</span> <span class='ocrx_word' id='word_1_12' title='bbox 984 833 1209 894; x_wconf 79' lang='lat' dir='ltr'>tumrinctus</span> <span class='ocrx_word' id='word_1_13' title='bbox 1239 829 1339 890; x_wconf 77' lang='lat' dir='ltr'>adni&#39;s</span> <span class='ocrx_word' id='word_1_14' title='bbox 1366 832 1446 906; x_wconf 88' lang='lat' dir='ltr'>post</span> <span class='ocrx_word' id='word_1_15' title='bbox 1472 831 1544 888; x_wconf 90' lang='lat' dir='ltr'>ter-</span> 
     </span>
     <span class='ocr_line' id='line_1_4' title="bbox 372 920 1545 1002; baseline -0.005 -18"><span class='ocrx_word' id='word_1_16' title='bbox 372 926 552 1002; x_wconf 88' lang='lat' dir='ltr'>spoliataque</span> <span class='ocrx_word' id='word_1_17' title='bbox 579 925 645 985; x_wconf 87' lang='lat' dir='ltr'>telis</span> <span class='ocrx_word' id='word_1_18' title='bbox 668 926 703 984; x_wconf 94' lang='lat' dir='ltr'>ln</span> <span class='ocrx_word' id='word_1_19' title='bbox 731 942 784 982; x_wconf 89' lang='lat' dir='ltr'>sua</span> <span class='ocrx_word' id='word_1_20' title='bbox 808 940 931 983; x_wconf 86' lang='lat' dir='ltr'>vesanos</span> <span class='ocrx_word' id='word_1_21' title='bbox 986 941 1062 997; x_wconf 90' lang='lat' dir='ltr'>gum</span> <span class='ocrx_word' id='word_1_22' title='bbox 1093 922 1177 982; x_wconf 91' lang='lat' dir='ltr'>nodis</span> <span class='ocrx_word' id='word_1_23' title='bbox 1209 923 1310 980; x_wconf 87' lang='lat' dir='ltr'>fremet</span> <span class='ocrx_word' id='word_1_24' title='bbox 1335 920 1468 980; x_wconf 89' lang='lat' dir='ltr'>horridus</span> <span class='ocrx_word' id='word_1_25' title='bbox 1497 936 1545 978; x_wconf 92' lang='lat' dir='ltr'>ore</span> 
     </span>
     <span class='ocr_line' id='line_1_5' title="bbox 372 1014 1111 1090; baseline -0.003 -16"><span class='ocrx_word' id='word_1_26' title='bbox 372 1016 517 1090; x_wconf 77' lang='lat' dir='ltr'><strong>torquebit</strong></span> <span class='ocrx_word' id='word_1_27' title='bbox 539 1014 650 1074; x_wconf 81' lang='lat' dir='ltr'>viscera</span> <span class='ocrx_word' id='word_1_28' title='bbox 671 1031 783 1074; x_wconf 87' lang='lat' dir='ltr'>morsus</span> <span class='ocrx_word' id='word_1_29' title='bbox 799 1059 805 1072; x_wconf 93' lang='lat'><em>.</em></span> <span class='ocrx_word' id='word_1_30' title='bbox 821 1059 828 1071; x_wconf 87' lang='lat'><strong>.</strong></span> <span class='ocrx_word' id='word_1_31' title='bbox 845 1058 852 1072; x_wconf 89' lang='lat'><strong>.</strong></span> <span class='ocrx_word' id='word_1_32' title='bbox 869 1059 875 1072; x_wconf 94' lang='lat'><em>.</em></span> <span class='ocrx_word' id='word_1_33' title='bbox 987 1014 1111 1072; x_wconf 91' lang='lat' dir='ltr'>cruento.</span> 
     </span>
    </p>
   </div>
   <div class='ocr_carea' id='block_1_3' title="bbox 372 1151 1547 1413">
    <p class='ocr_par' dir='ltr' id='par_1_3' title="bbox 372 1151 1547 1413">
     <span class='ocr_line' id='line_1_6' title="bbox 460 1151 1547 1237; baseline -0.006 -20"><span class='ocrx_word' id='word_1_34' title='bbox 460 1160 503 1217; x_wconf 88' lang='lat' dir='ltr'>De</span> <span class='ocrx_word' id='word_1_35' title='bbox 537 1159 591 1216; x_wconf 91' lang='lat' dir='ltr'>hac</span> <span class='ocrx_word' id='word_1_36' title='bbox 627 1157 742 1216; x_wconf 89' lang='lat' dir='ltr'>fictione</span> <span class='ocrx_word' id='word_1_37' title='bbox 777 1175 803 1216; x_wconf 90' lang='lat' dir='ltr'>v.</span> <span class='ocrx_word' id='word_1_38' title='bbox 837 1155 913 1214; x_wconf 89' lang='lat' dir='ltr'>infra</span> <span class='ocrx_word' id='word_1_39' title='bbox 948 1173 976 1229; x_wconf 87' lang='lat' dir='ltr'>p.</span> <span class='ocrx_word' id='word_1_40' title='bbox 1010 1157 1060 1215; x_wconf 84' lang='lat'>55.</span> <span class='ocrx_word' id='word_1_41' title='bbox 1115 1154 1271 1237; x_wconf 82' lang='lat' dir='ltr'>Veniamus</span> <span class='ocrx_word' id='word_1_42' title='bbox 1309 1153 1345 1212; x_wconf 91' lang='lat' dir='ltr'>ad</span> <span class='ocrx_word' id='word_1_43' title='bbox 1376 1151 1547 1212; x_wconf 89' lang='lat' dir='ltr'>Valerium</span> 
     </span>
     <span class='ocr_line' id='line_1_7' title="bbox 372 1243 1545 1320; baseline -0.005 -14"><span class='ocrx_word' id='word_1_44' title='bbox 372 1248 548 1318; x_wconf 78' lang='lat' dir='ltr'>Flaccum,</span> <span class='ocrx_word' id='word_1_45' title='bbox 573 1247 622 1320; x_wconf 90' lang='lat' dir='ltr'>qui</span> <span class='ocrx_word' id='word_1_46' title='bbox 644 1245 776 1306; x_wconf 89' lang='lat' dir='ltr'>nonnihil</span> <span class='ocrx_word' id='word_1_47' title='bbox 799 1244 922 1304; x_wconf 77' lang='lat' dir='ltr'>excoluit</span> <span class='ocrx_word' id='word_1_48' title='bbox 934 1244 1071 1303; x_wconf 81' lang='lat' dir='ltr'>Bellonae</span> <span class='ocrx_word' id='word_1_49' title='bbox 1090 1243 1222 1303; x_wconf 89' lang='lat' dir='ltr'>habitum</span> <span class='ocrx_word' id='word_1_50' title='bbox 1241 1243 1272 1302; x_wconf 92' lang='lat' dir='ltr'>in</span> <span class='ocrx_word' id='word_1_51' title='bbox 1292 1243 1312 1302; x_wconf 94' lang='lat' dir='ltr'>l.</span> <span class='ocrx_word' id='word_1_52' title='bbox 1327 1243 1373 1300; x_wconf 82' lang='grc' dir='ltr'>ΠΙ</span> <span class='ocrx_word' id='word_1_53' title='bbox 1395 1260 1422 1301; x_wconf 83' lang='lat' dir='ltr'>v.</span> <span class='ocrx_word' id='word_1_54' title='bbox 1439 1244 1545 1315; x_wconf 80' lang='lat' dir='ltr'>ocsq,</span> 
     </span>
     <span class='ocr_line' id='line_1_8' title="bbox 372 1331 1367 1413; baseline -0.005 -17"><span class='ocrx_word' id='word_1_55' title='bbox 372 1337 422 1395; x_wconf 91' lang='lat' dir='ltr'>ubi</span> <span class='ocrx_word' id='word_1_56' title='bbox 446 1337 587 1413; x_wconf 81' lang='lat' dir='ltr'>Cyzicum,</span> <span class='ocrx_word' id='word_1_57' title='bbox 611 1335 658 1395; x_wconf 90' lang='lat' dir='ltr'>cui</span> <span class='ocrx_word' id='word_1_58' title='bbox 680 1336 710 1395; x_wconf 93' lang='lat' dir='ltr'>in</span> <span class='ocrx_word' id='word_1_59' title='bbox 734 1336 917 1410; x_wconf 88' lang='lat' dir='ltr'>conspectum</span> <span class='ocrx_word' id='word_1_60' title='bbox 940 1333 1027 1404; x_wconf 88' lang='lat' dir='ltr'>venit,</span> <span class='ocrx_word' id='word_1_61' title='bbox 1052 1334 1089 1392; x_wconf 89' lang='lat' dir='ltr'>ad</span> <span class='ocrx_word' id='word_1_62' title='bbox 1111 1350 1239 1408; x_wconf 85' lang='lat' dir='ltr'>pugnam</span> <span class='ocrx_word' id='word_1_63' title='bbox 1260 1331 1367 1392; x_wconf 89' lang='lat' dir='ltr'>irritat:</span> 
     </span>
    </p>
   </div>
   <div class='ocr_carea' id='block_1_4' title="bbox 585 1475 1410 1804">
    <p class='ocr_par' dir='ltr' id='par_1_4' title="bbox 585 1475 1240 1552">
     <span class='ocr_line' id='line_1_9' title="bbox 585 1475 1240 1552; baseline -0.003 -16"><span class='ocrx_word' id='word_1_64' title='bbox 585 1479 660 1538; x_wconf 84' lang='lat' dir='ltr'>Ecce</span> <span class='ocrx_word' id='word_1_65' title='bbox 684 1495 768 1552; x_wconf 88' lang='lat' dir='ltr'>super</span> <span class='ocrx_word' id='word_1_66' title='bbox 789 1477 899 1536; x_wconf 89' lang='lat' dir='ltr'>fon&#39;bus</span> <span class='ocrx_word' id='word_1_67' title='bbox 924 1523 954 1536; x_wconf 91' lang='lat'>..</span> <span class='ocrx_word' id='word_1_68' title='bbox 977 1475 1098 1534; x_wconf 88' lang='lat' dir='ltr'>Bellona</span> <span class='ocrx_word' id='word_1_69' title='bbox 1120 1475 1240 1534; x_wconf 80' lang='lat' dir='ltr'>reclusis</span> 
     </span>
    </p>

    <p class='ocr_par' dir='ltr' id='par_1_5' title="bbox 585 1565 1410 1731">
     <span class='ocr_line' id='line_1_10' title="bbox 585 1565 1410 1641; baseline 0 -15"><span class='ocrx_word' id='word_1_70' title='bbox 585 1568 663 1626; x_wconf 91' lang='lat' dir='ltr'>nuda</span> <span class='ocrx_word' id='word_1_71' title='bbox 684 1567 761 1626; x_wconf 91' lang='lat' dir='ltr'>latus</span> <span class='ocrx_word' id='word_1_72' title='bbox 784 1583 929 1641; x_wconf 90' lang='lat' dir='ltr'>passuque</span> <span class='ocrx_word' id='word_1_73' title='bbox 952 1582 1068 1625; x_wconf 84' lang='lat' dir='ltr'>movens</span> <span class='ocrx_word' id='word_1_74' title='bbox 1092 1565 1236 1624; x_wconf 88' lang='lat' dir='ltr'>orichalca</span> <span class='ocrx_word' id='word_1_75' title='bbox 1258 1583 1362 1626; x_wconf 89' lang='lat' dir='ltr'>sonoro</span> <span class='ocrx_word' id='word_1_76' title='bbox 1408 1591 1410 1596; x_wconf 63' lang='grc'>’</span> 
     </span>
     <span class='ocr_line' id='line_1_11' title="bbox 587 1655 1274 1731; baseline -0.003 -16"><span class='ocrx_word' id='word_1_77' title='bbox 587 1657 700 1715; x_wconf 89' lang='lat' dir='ltr'>adstitit</span> <span class='ocrx_word' id='word_1_78' title='bbox 722 1658 751 1714; x_wconf 91' lang='lat' dir='ltr'>et</span> <span class='ocrx_word' id='word_1_79' title='bbox 772 1655 880 1731; x_wconf 85' lang='lat' dir='ltr'>triplici</span> <span class='ocrx_word' id='word_1_80' title='bbox 902 1655 1022 1730; x_wconf 79' lang='lat' dir='ltr'>pulsans</span> <span class='ocrx_word' id='word_1_81' title='bbox 1044 1655 1163 1730; x_wconf 86' lang='lat' dir='ltr'>fastigia</span> <span class='ocrx_word' id='word_1_82' title='bbox 1185 1655 1274 1714; x_wconf 89' lang='lat' dir='ltr'>crista</span> 
     </span>
    </p>

    <p class='ocr_par' dir='ltr' id='par_1_6' title="bbox 585 1744 940 1804">
     <span class='ocr_line' id='line_1_12' title="bbox 585 1744 940 1804; baseline 0 0"><span class='ocrx_word' id='word_1_83' title='bbox 585 1745 653 1804; x_wconf 89' lang='lat' dir='ltr'>hinc</span> <span class='ocrx_word' id='word_1_84' title='bbox 677 1745 733 1804; x_wconf 90' lang='lat' dir='ltr'>ciet</span> <span class='ocrx_word' id='word_1_85' title='bbox 754 1763 819 1804; x_wconf 91' lang='lat' dir='ltr'>aere</span> <span class='ocrx_word' id='word_1_86' title='bbox 840 1744 940 1804; x_wconf 86' lang='lat' dir='ltr'>virum.</span> 
     </span>
    </p>
   </div>
   <div class='ocr_carea' id='block_1_5' title="bbox 284 1883 1656 2232">
    <p class='ocr_par' dir='ltr' id='par_1_7' title="bbox 284 1883 1656 2232">
     <span class='ocr_line' id='line_1_13' title="bbox 462 1883 1656 1962; baseline -0.002 -14"><span class='ocrx_word' id='word_1_87' title='bbox 462 1889 545 1948; x_wconf 85' lang='lat' dir='ltr'>Nora</span> <span class='ocrx_word' id='word_1_88' title='bbox 568 1890 647 1948; x_wconf 88' lang='lat' dir='ltr'>suut:</span> <span class='ocrx_word' id='word_1_89' title='bbox 672 1889 750 1948; x_wconf 90' lang='lat' dir='ltr'>nuda</span> <span class='ocrx_word' id='word_1_90' title='bbox 772 1888 859 1960; x_wconf 91' lang='lat' dir='ltr'>latus,</span> <span class='ocrx_word' id='word_1_91' title='bbox 884 1887 1067 1959; x_wconf 87' lang='lat' dir='ltr'>orichalcum,</span> <span class='ocrx_word' id='word_1_92' title='bbox 1092 1887 1180 1946; x_wconf 89' lang='lat' dir='ltr'>crista</span> <span class='ocrx_word' id='word_1_93' title='bbox 1201 1886 1312 1960; x_wconf 81' lang='lat' dir='ltr'>triplex.</span> <span class='ocrx_word' id='word_1_94' title='bbox 1358 1888 1440 1948; x_wconf 86' lang='lat' dir='ltr'>Unde</span> <span class='ocrx_word' id='word_1_95' title='bbox 1461 1889 1550 1962; x_wconf 88' lang='lat' dir='ltr'>poeta</span> <span class='ocrx_word' id='word_1_96' title='bbox 1655 1883 1656 1914; x_wconf 69' lang='lat'><em>³</em></span> 
     </span>
     <span class='ocr_line' id='line_1_14' title="bbox 284 1976 1549 2052; baseline 0 -15"><span class='ocrx_word' id='word_1_97' title='bbox 284 2033 287 2044; x_wconf 87' lang='grc'><em>,</em></span> <span class='ocrx_word' id='word_1_98' title='bbox 375 1979 528 2038; x_wconf 80' lang='lat' dir='ltr'>adsciverit</span> <span class='ocrx_word' id='word_1_99' title='bbox 558 1979 666 2049; x_wconf 91' lang='lat' dir='ltr'>tubam,</span> <span class='ocrx_word' id='word_1_100' title='bbox 691 1977 776 2037; x_wconf 89' lang='lat' dir='ltr'>certis</span> <span class='ocrx_word' id='word_1_101' title='bbox 810 1977 984 2052; x_wconf 85' lang='lat' dir='ltr'>argumentis</span> <span class='ocrx_word' id='word_1_102' title='bbox 1017 1976 1167 2036; x_wconf 89' lang='lat' dir='ltr'>diiudicari</span> <span class='ocrx_word' id='word_1_103' title='bbox 1198 1977 1306 2050; x_wconf 88' lang='lat' dir='ltr'>nequit.</span> <span class='ocrx_word' id='word_1_104' title='bbox 1361 1976 1402 2035; x_wconf 83' lang='lat' dir='ltr'>At</span> <span class='ocrx_word' id='word_1_105' title='bbox 1434 1979 1549 2037; x_wconf 89' lang='lat' dir='ltr'>constat</span> 
     </span>
     <span class='ocr_line' id='line_1_15' title="bbox 374 2061 1656 2142; baseline -0.001 -15"><span class='ocrx_word' id='word_1_106' title='bbox 374 2069 444 2127; x_wconf 91' lang='lat' dir='ltr'>tuba</span> <span class='ocrx_word' id='word_1_107' title='bbox 467 2068 581 2142; x_wconf 89' lang='lat' dir='ltr'>signum</span> <span class='ocrx_word' id='word_1_108' title='bbox 603 2067 705 2141; x_wconf 91' lang='lat' dir='ltr'>proelii</span> <span class='ocrx_word' id='word_1_109' title='bbox 727 2067 892 2142; x_wconf 88' lang='lat' dir='ltr'>incipientis</span> <span class='ocrx_word' id='word_1_110' title='bbox 916 2069 1012 2126; x_wconf 88' lang='lat' dir='ltr'>datum</span> <span class='ocrx_word' id='word_1_111' title='bbox 1035 2084 1106 2138; x_wconf 87' lang='lat' dir='ltr'>esse,</span> <span class='ocrx_word' id='word_1_112' title='bbox 1131 2083 1198 2141; x_wconf 89' lang='lat' dir='ltr'>ergo</span> <span class='ocrx_word' id='word_1_113' title='bbox 1221 2083 1280 2124; x_wconf 90' lang='lat' dir='ltr'>non</span> <span class='ocrx_word' id='word_1_114' title='bbox 1303 2065 1405 2125; x_wconf 89' lang='lat' dir='ltr'>mirum</span> <span class='ocrx_word' id='word_1_115' title='bbox 1425 2067 1548 2138; x_wconf 84' lang='lat' dir='ltr'>videtur,</span> <span class='ocrx_word' id='word_1_116' title='bbox 1655 2061 1656 2064; x_wconf 60' lang='grc'>’</span> 
     </span>
     <span class='ocr_line' id='line_1_16' title="bbox 375 2149 1656 2232; baseline -0.002 -16"><span class='ocrx_word' id='word_1_117' title='bbox 375 2159 450 2232; x_wconf 91' lang='lat' dir='ltr'>quod</span> <span class='ocrx_word' id='word_1_118' title='bbox 473 2157 558 2216; x_wconf 91' lang='lat' dir='ltr'>etiam</span> <span class='ocrx_word' id='word_1_119' title='bbox 580 2157 724 2227; x_wconf 84' lang='lat' dir='ltr'>Bellonae,</span> <span class='ocrx_word' id='word_1_120' title='bbox 759 2174 831 2231; x_wconf 89' lang='lat' dir='ltr'>quae</span> <span class='ocrx_word' id='word_1_121' title='bbox 864 2156 1030 2231; x_wconf 88' lang='lat' dir='ltr'>saepissime</span> <span class='ocrx_word' id='word_1_122' title='bbox 1059 2155 1160 2230; x_wconf 90' lang='lat' dir='ltr'>proelii</span> <span class='ocrx_word' id='word_1_123' title='bbox 1182 2155 1297 2214; x_wconf 89' lang='lat' dir='ltr'>initium</span> <span class='ocrx_word' id='word_1_124' title='bbox 1319 2156 1411 2215; x_wconf 89' lang='lat' dir='ltr'>facere</span> <span class='ocrx_word' id='word_1_125' title='bbox 1435 2155 1549 2228; x_wconf 91' lang='lat' dir='ltr'>dicitur,</span> <span class='ocrx_word' id='word_1_126' title='bbox 1655 2149 1656 2168; x_wconf 73' lang='lat'><em>³</em></span> 
     </span>
    </p>
   </div>
   <div class='ocr_carea' id='block_1_6' title="bbox 341 2244 1551 2944">
    <p class='ocr_par' dir='ltr' id='par_1_8' title="bbox 341 2244 1551 2574">
     <span class='ocr_line' id='line_1_17' title="bbox 374 2244 1550 2325; baseline -0.001 -20"><span class='ocrx_word' id='word_1_127' title='bbox 374 2247 484 2307; x_wconf 89' lang='lat' dir='ltr'>tributa</span> <span class='ocrx_word' id='word_1_128' title='bbox 507 2247 554 2306; x_wconf 91' lang='lat' dir='ltr'>sit.</span> <span class='ocrx_word' id='word_1_129' title='bbox 592 2247 743 2305; x_wconf 90' lang='lat' dir='ltr'>Praeterea</span> <span class='ocrx_word' id='word_1_130' title='bbox 765 2245 922 2320; x_wconf 86' lang='lat' dir='ltr'>aVergilio</span> <span class='ocrx_word' id='word_1_131' title='bbox 946 2245 1003 2304; x_wconf 90' lang='lat' dir='ltr'>iem</span> <span class='ocrx_word' id='word_1_132' title='bbox 1024 2245 1136 2305; x_wconf 82' lang='lat' dir='ltr'>Allecto</span> <span class='ocrx_word' id='word_1_133' title='bbox 1160 2244 1236 2304; x_wconf 86' lang='lat' dir='ltr'>furia</span> <span class='ocrx_word' id='word_1_134' title='bbox 1257 2245 1337 2319; x_wconf 89' lang='lat' dir='ltr'>picta</span> <span class='ocrx_word' id='word_1_135' title='bbox 1359 2247 1419 2304; x_wconf 87' lang='lat' dir='ltr'>erat</span> <span class='ocrx_word' id='word_1_136' title='bbox 1440 2263 1550 2325; x_wconf 87' lang='lat' dir='ltr'>„cornu</span> 
     </span>
     <span class='ocr_line' id='line_1_18' title="bbox 374 2329 1551 2416; baseline -0.001 -21"><span class='ocrx_word' id='word_1_137' title='bbox 374 2352 490 2396; x_wconf 87' lang='lat' dir='ltr'>recurvo</span> <span class='ocrx_word' id='word_1_138' title='bbox 514 2337 679 2395; x_wconf 80' lang='lat' dir='ltr'>Tartaream</span> <span class='ocrx_word' id='word_1_139' title='bbox 712 2353 809 2395; x_wconf 86' lang='lat' dir='ltr'>vocem</span> <span class='ocrx_word' id='word_1_140' title='bbox 840 2331 1010 2394; x_wconf 87' lang='lat' dir='ltr'>intendens“</span> <span class='ocrx_word' id='word_1_141' title='bbox 1020 2329 1046 2415; x_wconf 83' lang='lat'>1)</span> <span class='ocrx_word' id='word_1_142' title='bbox 1070 2329 1154 2416; x_wconf 80' lang='lat' dir='ltr'>(Aen.</span> <span class='ocrx_word' id='word_1_143' title='bbox 1170 2334 1234 2405; x_wconf 90' lang='lat' dir='ltr'>VH,</span> <span class='ocrx_word' id='word_1_144' title='bbox 1246 2329 1321 2416; x_wconf 82' lang='lat'>513).</span> <span class='ocrx_word' id='word_1_145' title='bbox 1372 2335 1448 2393; x_wconf 91' lang='lat' dir='ltr'>Illud</span> <span class='ocrx_word' id='word_1_146' title='bbox 1472 2335 1551 2414; x_wconf 92' lang='lat' dir='ltr'>„ciet</span> 
     </span>
     <span class='ocr_line' id='line_1_19' title="bbox 376 2421 1550 2498; baseline -0.001 -14"><span class='ocrx_word' id='word_1_147' title='bbox 376 2444 439 2486; x_wconf 89' lang='lat' dir='ltr'>aere</span> <span class='ocrx_word' id='word_1_148' title='bbox 471 2421 580 2484; x_wconf 87' lang='lat' dir='ltr'>virum“</span> <span class='ocrx_word' id='word_1_149' title='bbox 615 2425 744 2484; x_wconf 86' lang='lat' dir='ltr'>conferas</span> <span class='ocrx_word' id='word_1_150' title='bbox 775 2441 839 2484; x_wconf 91' lang='lat' dir='ltr'>cum</span> <span class='ocrx_word' id='word_1_151' title='bbox 861 2423 969 2498; x_wconf 84' lang='lat' dir='ltr'>Vergili</span> <span class='ocrx_word' id='word_1_152' title='bbox 996 2423 1059 2483; x_wconf 91' lang='lat' dir='ltr'>leco</span> <span class='ocrx_word' id='word_1_153' title='bbox 1083 2425 1134 2495; x_wconf 90' lang='lat' dir='ltr'>VI,</span> <span class='ocrx_word' id='word_1_154' title='bbox 1147 2427 1207 2494; x_wconf 86' lang='grc'>165,</span> <span class='ocrx_word' id='word_1_155' title='bbox 1240 2423 1290 2481; x_wconf 90' lang='lat' dir='ltr'>nbi</span> <span class='ocrx_word' id='word_1_156' title='bbox 1314 2423 1441 2483; x_wconf 87' lang='lat' dir='ltr'>Misenus</span> <span class='ocrx_word' id='word_1_157' title='bbox 1464 2442 1550 2498; x_wconf 89' lang='lat' dir='ltr'>prae-</span> 
     </span>
     <span class='ocr_line' id='line_1_20' title="bbox 341 2513 1001 2574; baseline -0.003 0"><span class='ocrx_word' id='word_1_158' title='bbox 341 2543 342 2546; x_wconf 39' lang='lat'><em>*</em></span> <span class='ocrx_word' id='word_1_159' title='bbox 376 2515 570 2574; x_wconf 88' lang='lat' dir='ltr'>stantissimus</span> <span class='ocrx_word' id='word_1_160' title='bbox 594 2514 709 2573; x_wconf 89' lang='lat' dir='ltr'>dicitnr:</span> <span class='ocrx_word' id='word_1_161' title='bbox 734 2532 797 2573; x_wconf 91' lang='lat' dir='ltr'>aere</span> <span class='ocrx_word' id='word_1_162' title='bbox 821 2514 893 2573; x_wconf 91' lang='lat' dir='ltr'>ciere</span> <span class='ocrx_word' id='word_1_163' title='bbox 915 2513 1001 2572; x_wconf 83' lang='lat' dir='ltr'>viros.</span> 
     </span>
    </p>

    <p class='ocr_par' dir='ltr' id='par_1_9' title="bbox 375 2601 1551 2753">
     <span class='ocr_line' id='line_1_21' title="bbox 465 2601 1551 2678; baseline -0.002 -16"><span class='ocrx_word' id='word_1_164' title='bbox 465 2605 500 2662; x_wconf 90' lang='lat' dir='ltr'>Iu</span> <span class='ocrx_word' id='word_1_165' title='bbox 522 2604 654 2674; x_wconf 70' lang='grc'>11541</span> <span class='ocrx_word' id='word_1_166' title='bbox 676 2603 784 2678; x_wconf 86' lang='lat' dir='ltr'>Iupiter</span> <span class='ocrx_word' id='word_1_167' title='bbox 815 2603 892 2663; x_wconf 91' lang='lat' dir='ltr'>bella</span> <span class='ocrx_word' id='word_1_168' title='bbox 922 2603 1095 2662; x_wconf 87' lang='lat' dir='ltr'>Asianorum</span> <span class='ocrx_word' id='word_1_169' title='bbox 1126 2603 1155 2662; x_wconf 92' lang='grc'>11</span> <span class='ocrx_word' id='word_1_170' title='bbox 1187 2601 1356 2662; x_wconf 83' lang='lat' dir='ltr'>Graecorum</span> <span class='ocrx_word' id='word_1_171' title='bbox 1387 2601 1551 2662; x_wconf 80' lang='lat' dir='ltr'>vaticinans</span> 
     </span>
     <span class='ocr_line' id='line_1_22' title="bbox 375 2693 673 2753; baseline -0.007 -1"><span class='ocrx_word' id='word_1_172' title='bbox 375 2693 524 2753; x_wconf 90' lang='lat' dir='ltr'>Bellonam</span> <span class='ocrx_word' id='word_1_173' title='bbox 547 2693 673 2752; x_wconf 82' lang='lat' dir='ltr'>adfatur:</span> 
     </span>
    </p>

    <p class='ocr_par' dir='ltr' id='par_1_10' title="bbox 695 2781 1229 2944">
     <span class='ocr_line' id='line_1_23' title="bbox 896 2781 1229 2854; baseline -0.006 -14"><span class='ocrx_word' id='word_1_174' title='bbox 896 2781 944 2840; x_wconf 85' lang='lat' dir='ltr'>via</span> <span class='ocrx_word' id='word_1_175' title='bbox 966 2782 1043 2840; x_wconf 89' lang='lat' dir='ltr'>facta</span> <span class='ocrx_word' id='word_1_176' title='bbox 1065 2799 1115 2854; x_wconf 91' lang='lat' dir='ltr'>per</span> <span class='ocrx_word' id='word_1_177' title='bbox 1137 2781 1229 2839; x_wconf 91' lang='lat' dir='ltr'>undas</span> 
     </span>
     <span class='ocr_line' id='line_1_24' title="bbox 695 2869 1179 2944; baseline 0 -16"><span class='ocrx_word' id='word_1_178' title='bbox 695 2887 800 2944; x_wconf 87' lang='lat' dir='ltr'>perque</span> <span class='ocrx_word' id='word_1_179' title='bbox 822 2870 939 2942; x_wconf 88' lang='lat' dir='ltr'>hiemes,</span> <span class='ocrx_word' id='word_1_180' title='bbox 962 2870 1091 2942; x_wconf 90' lang='lat' dir='ltr'>Bellone,</span> <span class='ocrx_word' id='word_1_181' title='bbox 1115 2869 1179 2928; x_wconf 91' lang='lat' dir='ltr'>tibi.</span> 
     </span>
    </p>
   </div>
   <div class='ocr_carea' id='block_1_7' title="bbox 376 3013 1656 3542">
    <p class='ocr_par' dir='ltr' id='par_1_11' title="bbox 376 3013 1656 3254">
     <span class='ocr_line' id='line_1_25' title="bbox 437 3013 1651 3096; baseline 0 -24"><span class='ocrx_word' id='word_1_182' title='bbox 437 3083 439 3088; x_wconf 23' lang='grc' dir='ltr'>Ι</span> <span class='ocrx_word' id='word_1_183' title='bbox 465 3015 499 3072; x_wconf 91' lang='lat' dir='ltr'>In</span> <span class='ocrx_word' id='word_1_184' title='bbox 522 3013 788 3085; x_wconf 80' lang='lat' dir='ltr'>l.11‚228mariti,</span> <span class='ocrx_word' id='word_1_185' title='bbox 818 3031 881 3072; x_wconf 90' lang='lat' dir='ltr'>cum</span> <span class='ocrx_word' id='word_1_186' title='bbox 903 3030 1004 3073; x_wconf 85' lang='lat' dir='ltr'>uxores</span> <span class='ocrx_word' id='word_1_187' title='bbox 1028 3013 1211 3073; x_wconf 85' lang='lat' dir='ltr'>saevissimas</span> <span class='ocrx_word' id='word_1_188' title='bbox 1234 3013 1400 3074; x_wconf 83' lang='lat' dir='ltr'>advolantes</span> <span class='ocrx_word' id='word_1_189' title='bbox 1423 3015 1551 3085; x_wconf 81' lang='lat' dir='ltr'>rideant,</span> <span class='ocrx_word' id='word_1_190' title='bbox 1646 3058 1651 3096; x_wconf 65' lang='lat'>,</span> 
     </span>
     <span class='ocr_line' id='line_1_26' title="bbox 378 3101 1656 3182; baseline 0 -20"><span class='ocrx_word' id='word_1_191' title='bbox 378 3103 475 3163; x_wconf 92' lang='lat' dir='ltr'>oculos</span> <span class='ocrx_word' id='word_1_192' title='bbox 498 3104 639 3178; x_wconf 85' lang='lat' dir='ltr'>premunt,</span> <span class='ocrx_word' id='word_1_193' title='bbox 671 3103 754 3177; x_wconf 89' lang='lat' dir='ltr'>quasi</span> <span class='ocrx_word' id='word_1_194' title='bbox 777 3104 913 3162; x_wconf 82' lang='lat' dir='ltr'>furiarum</span> <span class='ocrx_word' id='word_1_195' title='bbox 937 3120 1039 3178; x_wconf 89' lang='lat' dir='ltr'>agmen</span> <span class='ocrx_word' id='word_1_196' title='bbox 1063 3101 1243 3178; x_wconf 87' lang='lat' dir='ltr'>conspiciant</span> <span class='ocrx_word' id='word_1_197' title='bbox 1266 3105 1294 3162; x_wconf 92' lang='lat' dir='ltr'>et</span> <span class='ocrx_word' id='word_1_198' title='bbox 1319 3104 1443 3182; x_wconf 80' lang='lat' dir='ltr'>„ferrum</span> <span class='ocrx_word' id='word_1_199' title='bbox 1466 3121 1554 3178; x_wconf 90' lang='lat' dir='ltr'>snper</span> <span class='ocrx_word' id='word_1_200' title='bbox 1650 3126 1656 3144; x_wconf 56' lang='grc'>1</span> 
     </span>
     <span class='ocr_line' id='line_1_27' title="bbox 376 3189 1397 3254; baseline 0 -2"><span class='ocrx_word' id='word_1_201' title='bbox 376 3193 496 3252; x_wconf 88' lang='lat' dir='ltr'>Bellona</span> <span class='ocrx_word' id='word_1_202' title='bbox 520 3189 678 3254; x_wconf 87' lang='lat' dir='ltr'>coruscet“.</span> <span class='ocrx_word' id='word_1_203' title='bbox 723 3193 838 3251; x_wconf 82' lang='lat' dir='ltr'>Ferrum</span> <span class='ocrx_word' id='word_1_204' title='bbox 862 3193 888 3252; x_wconf 92' lang='lat' dir='ltr'>ei</span> <span class='ocrx_word' id='word_1_205' title='bbox 912 3193 1047 3251; x_wconf 86' lang='lat' dir='ltr'>Senecam</span> <span class='ocrx_word' id='word_1_206' title='bbox 1068 3192 1204 3252; x_wconf 86' lang='lat' dir='ltr'>tribuisse</span> <span class='ocrx_word' id='word_1_207' title='bbox 1227 3192 1397 3252; x_wconf 83' lang='lat' dir='ltr'>videramus.</span> 
     </span>
    </p>

    <p class='ocr_par' dir='ltr' id='par_1_12' title="bbox 377 3281 1553 3542">
     <span class='ocr_line' id='line_1_28' title="bbox 467 3281 1553 3356; baseline 0 -16"><span class='ocrx_word' id='word_1_208' title='bbox 467 3282 581 3340; x_wconf 84' lang='lat' dir='ltr'>Colores</span> <span class='ocrx_word' id='word_1_209' title='bbox 605 3282 673 3341; x_wconf 89' lang='lat' dir='ltr'>deae</span> <span class='ocrx_word' id='word_1_210' title='bbox 705 3281 784 3340; x_wconf 84' lang='lat' dir='ltr'>aurit</span> <span class='ocrx_word' id='word_1_211' title='bbox 808 3281 917 3340; x_wconf 87' lang='lat' dir='ltr'>Silius</span> <span class='ocrx_word' id='word_1_212' title='bbox 940 3281 1091 3340; x_wconf 91' lang='lat' dir='ltr'>Italicus</span> <span class='ocrx_word' id='word_1_213' title='bbox 1124 3283 1235 3342; x_wconf 90' lang='lat' dir='ltr'>duobus</span> <span class='ocrx_word' id='word_1_214' title='bbox 1266 3281 1352 3342; x_wconf 90' lang='lat' dir='ltr'>locis:</span> <span class='ocrx_word' id='word_1_215' title='bbox 1386 3283 1421 3340; x_wconf 92' lang='lat' dir='ltr'>In</span> <span class='ocrx_word' id='word_1_216' title='bbox 1452 3299 1553 3356; x_wconf 88' lang='lat' dir='ltr'>pugna</span> 
     </span>
     <span class='ocr_line' id='line_1_29' title="bbox 378 3370 1550 3446; baseline 0.001 -17"><span class='ocrx_word' id='word_1_217' title='bbox 378 3372 453 3446; x_wconf 90' lang='lat' dir='ltr'>apud</span> <span class='ocrx_word' id='word_1_218' title='bbox 481 3370 610 3430; x_wconf 84' lang='lat' dir='ltr'>Ticinum</span> <span class='ocrx_word' id='word_1_219' title='bbox 640 3371 792 3430; x_wconf 89' lang='lat' dir='ltr'>commissa</span> <span class='ocrx_word' id='word_1_220' title='bbox 815 3371 893 3430; x_wconf 87' lang='lat' dir='ltr'>Mars</span> <span class='ocrx_word' id='word_1_221' title='bbox 917 3371 1080 3446; x_wconf 87' lang='lat' dir='ltr'>ingrediens</span> <span class='ocrx_word' id='word_1_222' title='bbox 1103 3371 1222 3446; x_wconf 87' lang='lat' dir='ltr'>fingitur</span> <span class='ocrx_word' id='word_1_223' title='bbox 1244 3371 1310 3443; x_wconf 88' lang='lat' dir='ltr'>Iris,</span> <span class='ocrx_word' id='word_1_224' title='bbox 1334 3371 1550 3442; x_wconf 83' lang='lat' dir='ltr'>Eumenidibns‚</span> 
     </span>
     <span class='ocr_line' id='line_1_30' title="bbox 377 3453 1486 3542; baseline -0.002 -22"><span class='ocrx_word' id='word_1_225' title='bbox 377 3461 439 3520; x_wconf 89' lang='lat' dir='ltr'>Leti</span> <span class='ocrx_word' id='word_1_226' title='bbox 462 3460 717 3520; x_wconf 86' lang='lat' dir='ltr'>innumerabilibus</span> <span class='ocrx_word' id='word_1_227' title='bbox 740 3460 868 3519; x_wconf 86' lang='lat' dir='ltr'>faciebus</span> <span class='ocrx_word' id='word_1_228' title='bbox 892 3453 1019 3540; x_wconf 88' lang='lat' dir='ltr'>(auctore</span> <span class='ocrx_word' id='word_1_229' title='bbox 1042 3460 1169 3535; x_wconf 89' lang='lat' dir='ltr'>Vergilio</span> <span class='ocrx_word' id='word_1_230' title='bbox 1193 3461 1258 3532; x_wconf 86' lang='lat' dir='ltr'>XII,</span> <span class='ocrx_word' id='word_1_231' title='bbox 1269 3456 1335 3542; x_wconf 85' lang='lat'><strong>331)</strong></span> <span class='ocrx_word' id='word_1_232' title='bbox 1359 3461 1486 3532; x_wconf 83' lang='lat' dir='ltr'>IV,439:</span> 
     </span>
    </p>
   </div>
   <div class='ocr_carea' id='block_1_8' title="bbox 592 3603 1287 3767">
    <p class='ocr_par' dir='ltr' id='par_1_13' title="bbox 592 3603 1287 3767">
     <span class='ocr_line' id='line_1_31' title="bbox 840 3603 1278 3678; baseline 0 -16"><span class='ocrx_word' id='word_1_233' title='bbox 840 3603 984 3677; x_wconf 84' lang='lat' dir='ltr'>frenisque</span> <span class='ocrx_word' id='word_1_234' title='bbox 1007 3605 1123 3677; x_wconf 91' lang='lat' dir='ltr'>operata</span> <span class='ocrx_word' id='word_1_235' title='bbox 1145 3603 1278 3678; x_wconf 88' lang='lat' dir='ltr'>regendis</span> 
     </span>
     <span class='ocr_line' id='line_1_32' title="bbox 592 3692 1287 3767; baseline 0.001 -17"><span class='ocrx_word' id='word_1_236' title='bbox 592 3692 761 3767; x_wconf 89' lang='lat' dir='ltr'>quadiiugos</span> <span class='ocrx_word' id='word_1_237' title='bbox 785 3694 846 3751; x_wconf 91' lang='lat' dir='ltr'>atro</span> <span class='ocrx_word' id='word_1_238' title='bbox 871 3692 1000 3752; x_wconf 88' lang='lat' dir='ltr'>stimulat</span> <span class='ocrx_word' id='word_1_239' title='bbox 1022 3693 1143 3752; x_wconf 90' lang='lat' dir='ltr'>Bellona</span> <span class='ocrx_word' id='word_1_240' title='bbox 1165 3692 1287 3766; x_wconf 88' lang='lat' dir='ltr'>flagello.</span> 
     </span>
    </p>
   </div>
   <div class='ocr_carea' id='block_1_9' title="bbox 378 3823 1564 4624">
    <p class='ocr_par' dir='ltr' id='par_1_14' title="bbox 378 3823 1551 4446">
     <span class='ocr_line' id='line_1_33' title="bbox 466 3823 1551 3913; baseline 0.001 -21"><span class='ocrx_word' id='word_1_241' title='bbox 466 3823 659 3908; x_wconf 81' lang='lat' dir='ltr'>Sanguineum</span> <span class='ocrx_word' id='word_1_242' title='bbox 681 3835 826 3910; x_wconf 86' lang='lat' dir='ltr'>flagellum</span> <span class='ocrx_word' id='word_1_243' title='bbox 848 3835 969 3910; x_wconf 82' lang='lat' dir='ltr'>Vergilii</span> <span class='ocrx_word' id='word_1_244' title='bbox 991 3836 1068 3894; x_wconf 90' lang='lat' dir='ltr'>haud</span> <span class='ocrx_word' id='word_1_245' title='bbox 1090 3835 1185 3909; x_wconf 89' lang='lat' dir='ltr'>inopte</span> <span class='ocrx_word' id='word_1_246' title='bbox 1208 3835 1359 3913; x_wconf 85' lang='lat' dir='ltr'>usurpavit</span> <span class='ocrx_word' id='word_1_247' title='bbox 1381 3835 1418 3893; x_wconf 89' lang='lat' dir='ltr'>ad</span> <span class='ocrx_word' id='word_1_248' title='bbox 1440 3835 1551 3909; x_wconf 89' lang='lat' dir='ltr'>fingen-</span> 
     </span>
     <span class='ocr_line' id='line_1_34' title="bbox 379 3923 1550 4004; baseline 0 -22"><span class='ocrx_word' id='word_1_249' title='bbox 379 3925 443 3983; x_wconf 91' lang='lat' dir='ltr'>dam</span> <span class='ocrx_word' id='word_1_250' title='bbox 475 3924 561 3998; x_wconf 87' lang='lat' dir='ltr'>plane</span> <span class='ocrx_word' id='word_1_251' title='bbox 592 3941 695 3984; x_wconf 87' lang='lat' dir='ltr'>novam</span> <span class='ocrx_word' id='word_1_252' title='bbox 726 3925 847 4004; x_wconf 88' lang='lat' dir='ltr'>figuram</span> <span class='ocrx_word' id='word_1_253' title='bbox 869 3925 888 3983; x_wconf 89' lang='lat' dir='ltr'>i.</span> <span class='ocrx_word' id='word_1_254' title='bbox 910 3942 933 3983; x_wconf 93' lang='lat' dir='ltr'>e.</span> <span class='ocrx_word' id='word_1_255' title='bbox 958 3925 1088 3999; x_wconf 88' lang='lat' dir='ltr'>aurigam</span> <span class='ocrx_word' id='word_1_256' title='bbox 1110 3924 1219 3984; x_wconf 86' lang='lat' dir='ltr'>Martie.</span> <span class='ocrx_word' id='word_1_257' title='bbox 1275 3924 1388 3982; x_wconf 85' lang='lat' dir='ltr'>Etenim</span> <span class='ocrx_word' id='word_1_258' title='bbox 1421 3923 1550 3998; x_wconf 81' lang='lat' dir='ltr'>quamvis</span> 
     </span>
     <span class='ocr_line' id='line_1_35' title="bbox 379 4013 1551 4088; baseline -0.001 -16"><span class='ocrx_word' id='word_1_259' title='bbox 379 4031 463 4088; x_wconf 88' lang='lat' dir='ltr'>saepe</span> <span class='ocrx_word' id='word_1_260' title='bbox 486 4014 564 4071; x_wconf 89' lang='lat' dir='ltr'>Mars</span> <span class='ocrx_word' id='word_1_261' title='bbox 589 4031 653 4072; x_wconf 91' lang='lat' dir='ltr'>cnm</span> <span class='ocrx_word' id='word_1_262' title='bbox 675 4014 795 4072; x_wconf 89' lang='lat' dir='ltr'>Bellona</span> <span class='ocrx_word' id='word_1_263' title='bbox 818 4013 986 4073; x_wconf 90' lang='lat' dir='ltr'>coniunctus</span> <span class='ocrx_word' id='word_1_264' title='bbox 1016 4014 1153 4084; x_wconf 86' lang='lat' dir='ltr'>videatur,</span> <span class='ocrx_word' id='word_1_265' title='bbox 1186 4015 1282 4072; x_wconf 91' lang='lat' dir='ltr'>tamen</span> <span class='ocrx_word' id='word_1_266' title='bbox 1314 4013 1425 4072; x_wconf 89' lang='lat' dir='ltr'>nullum</span> <span class='ocrx_word' id='word_1_267' title='bbox 1455 4013 1551 4072; x_wconf 87' lang='lat' dir='ltr'>inveni</span> 
     </span>
     <span class='ocr_line' id='line_1_36' title="bbox 378 4098 1551 4178; baseline 0 -18"><span class='ocrx_word' id='word_1_268' title='bbox 378 4103 481 4173; x_wconf 89' lang='lat' dir='ltr'>locum,</span> <span class='ocrx_word' id='word_1_269' title='bbox 507 4119 561 4175; x_wconf 88' lang='lat' dir='ltr'>quo</span> <span class='ocrx_word' id='word_1_270' title='bbox 586 4103 757 4162; x_wconf 83' lang='lat' dir='ltr'>Graecorum</span> <span class='ocrx_word' id='word_1_271' title='bbox 775 4098 879 4162; x_wconf 82' lang='grc' dir='ltr'><em>Ἐνυώ</em></span> <span class='ocrx_word' id='word_1_272' title='bbox 902 4103 1003 4161; x_wconf 88' lang='lat' dir='ltr'>Martis</span> <span class='ocrx_word' id='word_1_273' title='bbox 1028 4103 1129 4178; x_wconf 89' lang='lat' dir='ltr'>auriga</span> <span class='ocrx_word' id='word_1_274' title='bbox 1151 4103 1324 4174; x_wconf 87' lang='lat' dir='ltr'>nominetnr;</span> <span class='ocrx_word' id='word_1_275' title='bbox 1349 4103 1426 4177; x_wconf 90' lang='lat' dir='ltr'>apud</span> <span class='ocrx_word' id='word_1_276' title='bbox 1446 4102 1551 4162; x_wconf 91' lang='lat' dir='ltr'>Home-</span> 
     </span>
     <span class='ocr_line' id='line_1_37' title="bbox 379 4191 1551 4267; baseline -0.001 -17"><span class='ocrx_word' id='word_1_277' title='bbox 379 4210 442 4250; x_wconf 89' lang='lat' dir='ltr'>rum</span> <span class='ocrx_word' id='word_1_278' title='bbox 455 4191 570 4250; x_wconf 91' lang='lat' dir='ltr'>Deimos</span> <span class='ocrx_word' id='word_1_279' title='bbox 594 4194 623 4250; x_wconf 96' lang='grc'>11</span> <span class='ocrx_word' id='word_1_280' title='bbox 635 4193 749 4251; x_wconf 89' lang='lat' dir='ltr'>Phobos</span> <span class='ocrx_word' id='word_1_281' title='bbox 773 4209 861 4266; x_wconf 88' lang='lat' dir='ltr'>equos</span> <span class='ocrx_word' id='word_1_282' title='bbox 884 4192 1016 4267; x_wconf 89' lang='lat' dir='ltr'>iungunt,</span> <span class='ocrx_word' id='word_1_283' title='bbox 1041 4193 1118 4267; x_wconf 89' lang='lat' dir='ltr'>apud</span> <span class='ocrx_word' id='word_1_284' title='bbox 1140 4191 1297 4251; x_wconf 89' lang='lat' dir='ltr'>Hesiodum</span> <span class='ocrx_word' id='word_1_285' title='bbox 1319 4194 1432 4267; x_wconf 88' lang='lat' dir='ltr'>regunt.</span> <span class='ocrx_word' id='word_1_286' title='bbox 1469 4191 1551 4252; x_wconf 91' lang='lat' dir='ltr'>Veri-</span> 
     </span>
     <span class='ocr_line' id='line_1_38' title="bbox 380 4279 1551 4352; baseline 0.001 -14"><span class='ocrx_word' id='word_1_287' title='bbox 380 4281 472 4339; x_wconf 90' lang='lat' dir='ltr'>simile</span> <span class='ocrx_word' id='word_1_288' title='bbox 495 4281 606 4339; x_wconf 87' lang='lat' dir='ltr'>vidotur</span> <span class='ocrx_word' id='word_1_289' title='bbox 621 4281 720 4340; x_wconf 85' lang='lat' dir='ltr'>Silium</span> <span class='ocrx_word' id='word_1_290' title='bbox 742 4283 778 4340; x_wconf 89' lang='lat' dir='ltr'>ab</span> <span class='ocrx_word' id='word_1_291' title='bbox 792 4281 915 4342; x_wconf 90' lang='lat' dir='ltr'>Homero</span> <span class='ocrx_word' id='word_1_292' title='bbox 939 4282 976 4340; x_wconf 92' lang='lat' dir='ltr'>ad</span> <span class='ocrx_word' id='word_1_293' title='bbox 998 4283 1072 4340; x_wconf 88' lang='lat' dir='ltr'>hanc</span> <span class='ocrx_word' id='word_1_294' title='bbox 1095 4281 1238 4340; x_wconf 89' lang='lat' dir='ltr'>fictionem</span> <span class='ocrx_word' id='word_1_295' title='bbox 1262 4281 1376 4340; x_wconf 88' lang='lat' dir='ltr'>ductum</span> <span class='ocrx_word' id='word_1_296' title='bbox 1399 4298 1471 4352; x_wconf 87' lang='lat' dir='ltr'>esse,</span> <span class='ocrx_word' id='word_1_297' title='bbox 1494 4279 1551 4338; x_wconf 88' lang='lat' dir='ltr'>nisi</span> 
     </span>
     <span class='ocr_line' id='line_1_39' title="bbox 378 4369 1382 4446; baseline 0.001 -18"><span class='ocrx_word' id='word_1_298' title='bbox 378 4371 451 4429; x_wconf 86' lang='lat' dir='ltr'>forte</span> <span class='ocrx_word' id='word_1_299' title='bbox 474 4370 504 4428; x_wconf 90' lang='lat' dir='ltr'>in</span> <span class='ocrx_word' id='word_1_300' title='bbox 529 4369 651 4429; x_wconf 90' lang='lat' dir='ltr'>carmine</span> <span class='ocrx_word' id='word_1_301' title='bbox 675 4372 796 4444; x_wconf 88' lang='lat' dir='ltr'>quodam</span> <span class='ocrx_word' id='word_1_302' title='bbox 820 4371 899 4445; x_wconf 90' lang='lat' dir='ltr'>epico</span> <span class='ocrx_word' id='word_1_303' title='bbox 921 4371 1024 4446; x_wconf 88' lang='lat' dir='ltr'>legerit</span> <span class='ocrx_word' id='word_1_304' title='bbox 1046 4371 1132 4430; x_wconf 88' lang='lat' dir='ltr'>istam</span> <span class='ocrx_word' id='word_1_305' title='bbox 1154 4370 1382 4430; x_wconf 89' lang='lat' dir='ltr'>translationem.</span> 
     </span>
    </p>

    <p class='ocr_par' dir='ltr' id='par_1_15' title="bbox 379 4457 1564 4624">
     <span class='ocr_line' id='line_1_40' title="bbox 468 4457 1564 4534; baseline 0.003 -17"><span class='ocrx_word' id='word_1_306' title='bbox 468 4459 589 4518; x_wconf 87' lang='lat' dir='ltr'>Uberius</span> <span class='ocrx_word' id='word_1_307' title='bbox 613 4460 749 4518; x_wconf 86' lang='lat' dir='ltr'>describit</span> <span class='ocrx_word' id='word_1_308' title='bbox 771 4460 918 4520; x_wconf 92' lang='lat' dir='ltr'>Bellonam</span> <span class='ocrx_word' id='word_1_309' title='bbox 941 4461 971 4518; x_wconf 92' lang='lat' dir='ltr'>in</span> <span class='ocrx_word' id='word_1_310' title='bbox 994 4460 1013 4520; x_wconf 91' lang='lat' dir='ltr'>l.</span> <span class='ocrx_word' id='word_1_311' title='bbox 1022 4461 1058 4531; x_wconf 91' lang='lat' dir='ltr'>V,</span> <span class='ocrx_word' id='word_1_312' title='bbox 1069 4463 1131 4532; x_wconf 83' lang='lat'>220,</span> <span class='ocrx_word' id='word_1_313' title='bbox 1154 4459 1205 4519; x_wconf 90' lang='lat' dir='ltr'>ubi</span> <span class='ocrx_word' id='word_1_314' title='bbox 1227 4460 1281 4518; x_wconf 90' lang='lat' dir='ltr'>dea</span> <span class='ocrx_word' id='word_1_315' title='bbox 1302 4459 1333 4518; x_wconf 89' lang='lat' dir='ltr'>in</span> <span class='ocrx_word' id='word_1_316' title='bbox 1355 4477 1454 4534; x_wconf 89' lang='lat' dir='ltr'>pugna</span> <span class='ocrx_word' id='word_1_317' title='bbox 1477 4457 1564 4533; x_wconf 90' lang='lat' dir='ltr'>apud.</span> 
     </span>
     <span class='ocr_line' id='line_1_41' title="bbox 379 4547 1550 4624; baseline 0 -18"><span class='ocrx_word' id='word_1_318' title='bbox 379 4548 473 4607; x_wconf 90' lang='lat' dir='ltr'>lacum</span> <span class='ocrx_word' id='word_1_319' title='bbox 497 4549 692 4607; x_wconf 82' lang='lat' dir='ltr'>Trasimenum</span> <span class='ocrx_word' id='word_1_320' title='bbox 724 4550 802 4608; x_wconf 87' lang='lat' dir='ltr'>facta</span> <span class='ocrx_word' id='word_1_321' title='bbox 833 4549 941 4608; x_wconf 89' lang='lat' dir='ltr'>medias</span> <span class='ocrx_word' id='word_1_322' title='bbox 974 4549 1048 4608; x_wconf 90' lang='lat' dir='ltr'>acies</span> <span class='ocrx_word' id='word_1_323' title='bbox 1071 4551 1207 4624; x_wconf 90' lang='lat' dir='ltr'>pererrat,</span> <span class='ocrx_word' id='word_1_324' title='bbox 1240 4549 1316 4608; x_wconf 90' lang='lat' dir='ltr'>sicut</span> <span class='ocrx_word' id='word_1_325' title='bbox 1338 4549 1403 4608; x_wconf 82' lang='lat' dir='ltr'>Eris</span> <span class='ocrx_word' id='word_1_326' title='bbox 1426 4547 1550 4618; x_wconf 86' lang='lat' dir='ltr'>Homeri,</span> 
     </span>
    </p>
   </div>
   <div class='ocr_carea' id='block_1_10' title="bbox 470 4685 1212 4755">
    <p class='ocr_par' dir='ltr' id='par_1_16' title="bbox 470 4685 1212 4755">
     <span class='ocr_line' id='line_1_42' title="bbox 470 4685 1212 4755; baseline 0.001 -16"><span class='ocrx_word' id='word_1_327' title='bbox 470 4687 490 4755; x_wconf 86' lang='lat'>¹)</span> <span class='ocrx_word' id='word_1_328' title='bbox 510 4685 543 4740; x_wconf 86' lang='lat' dir='ltr'>cf.</span> <span class='ocrx_word' id='word_1_329' title='bbox 558 4685 628 4740; x_wconf 82' lang='lat' dir='ltr'>Stat.</span> <span class='ocrx_word' id='word_1_330' title='bbox 643 4685 782 4755; x_wconf 84' lang='lat' dir='ltr'>TbVIlI,</span> <span class='ocrx_word' id='word_1_331' title='bbox 793 4700 844 4740; x_wconf 74' lang='lat' dir='ltr'>aso:</span> <span class='ocrx_word' id='word_1_332' title='bbox 864 4685 1011 4754; x_wconf 88' lang='lat' dir='ltr'>Tisiphone</span> <span class='ocrx_word' id='word_1_333' title='bbox 1030 4685 1105 4740; x_wconf 88' lang='lat' dir='ltr'>acuit</span> <span class='ocrx_word' id='word_1_334' title='bbox 1124 4687 1212 4740; x_wconf 87' lang='lat' dir='ltr'>tubas.</span> 
     </span>
    </p>
   </div>
   <div class='ocr_carea' id='block_1_11' title="bbox 0 0 1691 5330">
    <p class='ocr_par' dir='ltr' id='par_1_17' title="bbox 0 0 1691 5330">
     <span class='ocr_line' id='line_1_43' title="bbox 0 0 1691 5330; baseline 0 0"><span class='ocrx_word' id='word_1_335' title='bbox 0 0 1691 5330; x_wconf 95' lang='lat' dir='ltr'> </span> 
     </span>
    </p>
   </div>
  </div>
 </body>
</html>
