3346 5330
821 518 1042 583 ...42-

346 699 438 756 eutem
462 698 582 758 Hesiodi
613 699 707 758 locum
739 699 759 758 l.
785 699 898 758 omnino
930 700 966 758 ed
996 701 1113 759 verbum
1140 701 1197 760 fere
1220 702 1377 762 reddidisse
1401 703 1519 762 demon·

346 781 447 846 sbraro'
478 791 599 847 conatus
640 790 685 847 est
720 789 810 846 Flach
848 822 889 832 -
928 789 1079 848 infeliciter
1115 807 1178 849 mea
1214 791 1326 864 quidem
1364 793 1517 852 sententia.

293 943 295 946 ¹
344 877 473 950 Exempli
505 877 598 951 gratia
630 877 752 936 contulit
778 874 954 958 ‚‚Ne‘pecec“
990 879 1112 954 figuram
1149 881 1185 938 ad
1220 881 1329 958 „duras
1365 879 1517 953 ultrices“,

338 961 450 1043 Ἄλγεα
481 967 517 1024 ad
539 967 655 1026 Morbos
683 967 834 1040 pallentes,
868 964 1028 1047 Δυσνομίη
1053 969 1089 1027 ad
1112 969 1300 1028 Discordiam.
1347 971 1386 1029 At
1409 989 1517 1045 nequa-

345 1072 430 1128 quam
452 1056 483 1113 hi
507 1056 658 1114 daemones
681 1055 817 1116 Hesiodei
839 1057 925 1116 iidem
947 1058 1068 1130 putandi
1092 1061 1169 1129 suni,
1195 1077 1228 1118 ac
1244 1059 1414 1134 Vergiliani,
1439 1060 1519 1120 velut

337 1139 449 1222 Ἄλγεα
482 1147 550 1203 sunt
581 1145 714 1218 Dolores;
752 1142 933 1226 Δυσνομίην
966 1149 1060 1205 autem
1093 1165 1216 1221 quonam
1247 1148 1308 1207 iure
1340 1149 1517 1208 contenderit

344 1234 461 1292 eandem
494 1251 556 1292 esse
587 1251 621 1292 ac
644 1234 825 1294 Discordiam
848 1236 956 1294 frustra
980 1253 1107 1309 quaeres.
1154 1237 1367 1297 Harioletiones
1390 1237 1518 1298 eiusdem

344 1321 458 1382 silentio
481 1323 634 1396 praeterire
657 1323 755 1382 liceat:
781 1323 850 1383 dicit
873 1324 948 1383 enim
970 1326 1078 1384 Motum
1101 1343 1163 1384 esse
1191 1323 1329 1406 Φόβονς,
1354 1329 1429 1402 quod
1444 1329 1517 1388 Ver·

344 1411 431 1486 gilius
462 1429 513 1485 pro
542 1409 667 1480 Φόνους
694 1413 804 1488 legerit,
838 1415 946 1489 Theog.
970 1433 995 1476 v.
1020 1417 1098 1488 2283
1130 1412 1253 1496 Λήθην
1281 1433 1344 1476 esse
1375 1414 1515 1490 ,Letum“

343 1517 424 1560 nemo
449 1501 555 1563 credat.

432 1590 569 1664 Equidem
602 1609 769 1665 persuasum
800 1592 891 1651 habeo
914 1592 1072 1666 Vergilium
1103 1593 1158 1652 etsi
1180 1594 1211 1652 in
1233 1596 1296 1654 tote
1318 1595 1432 1655 fictione
1456 1597 1517 1654 for·

343 1675 729 1762 tessevu1g10pini0nes1)
753 1681 913 1752 reddiderit,
938 1681 968 1739 in
992 1683 1201 1742 enumeratione
1225 1684 1402 1758 singulorum
1424 1685 1517 1744 malo-

342 1786 405 1826 rum
427 1769 560 1828 nonnihil
583 1787 616 1829 ex
630 1770 802 1829 Graecorum
824 1770 1001 1846 genealogiis
1024 1773 1184 1832 mutuatum
1207 1791 1270 1832 esse
1292 1775 1393 1848 suapte
1407 1774 1518 1849 ingenii

341 1876 370 1916 vr
393 1874 568 1918 conversum.

431 1948 467 2006 In
491 1948 566 2007 scuti
588 1949 701 2008 Aeneae
725 1949 914 2024 descriptione
938 1943 1031 2030 (VIII,
1043 1945 1108 2032 702)
1131 1953 1242 2024 praeter
1264 1953 1395 2024 Martem,
1419 1953 1516 2025 Diras,

343 2036 501 2108 Bellonam,
534 2037 685 2097 Discordia
712 2038 864 2113 reperitur:
898 2039 992 2098 scissa
1007 2040 1150 2114 ¹gaudeus
1177 2041 1264 2116 palla.
1321 2041 1437 2101 Poetam
1467 2043 1517 2102 hic

343 2125 459 2184 Homeri
490 2126 614 2201 vestigia
647 2127 727 2201 sequi
758 2128 815 2186 iam
845 2145 933 2202 supra
955 2129 1163 2188 adnotavimus.
1211 2130 1337 2190 Scissum
1359 2131 1466 2206 pallam
1490 2133 1518 2192 ei

342 2215 444 2274 tribuit
465 2217 551 2289 poeta
573 2218 606 2274 ut
628 2216 742 2276 discidii
763 2217 908 2276 notionem
930 2217 1097 2292 exprimeret
1111 2219 1256 2293 amplexus
1271 2220 1351 2294 vulgi
1366 2221 1516 2295 opiniones

343 2305 377 2362 de
399 2305 536 2363 furiarum
559 2305 660 2364 habitu
683 2308 870 2380 propagatas,
895 2323 967 2380 quas
992 2307 1091 2368 scissis
1115 2308 1252 2380 crinibus,
1276 2309 1410 2370 laceratis
1425 2310 1516 2369 vesti·

343 2394 398 2463 bus
419 2393 465 2452 uei
488 2395 628 2469 sanguine
650 2395 775 2470 perfusis
800 2395 856 2455 sibi
878 2395 1028 2455 finxerunt.

431 2483 597 2543 Manilius
620 2485 645 2554 I,
656 2487 706 2542 921
730 2502 830 2558 pacem
853 2483 1018 2544 desiderans
1042 2485 1084 2544 sic
1108 2485 1161 2544 ait:
1278 2499 1280 2504 ’

662 2627 838 2686 adamanteis
861 2627 1013 2689 Discordia
1035 2627 1132 2687 vincta
1155 2629 1264 2689 cetenis

556 2716 686 2775 aeternos
710 2717 816 2776 habeat
838 2717 934 2776 frenos
957 2717 988 2776 in
1012 2735 1122 2776 carcere
1145 2718 1251 2778 clausa.
1347 2745 1348 2748 ¹

430 2857 536 2932 Aperte
560 2858 688 2932 sequitur
711 2859 881 2932 opinionem,
913 2877 985 2934 quae
1008 2860 1074 2919 inde
1098 2861 1133 2920 ab
1157 2861 1250 2920 Ennio
1274 2859 1402 2936 vulgaris
1426 2863 1514 2922 exsti·

341 2944 412 3004 tisse
443 2946 563 3017 videtur,
596 2947 776 3007 Discordiam
808 2949 839 3006 in
870 2949 944 3007 Belli
976 2950 1080 3024 templo
1113 2950 1255 3009 inclusam
1286 2951 1391 3023 fuisse,
1424 2951 1514 3011 donec

341 3035 446 3094 bellum
478 3037 679 3095 exardesceret.
725 3037 861 3112 Inprimis
894 3039 989 3097 autem
1011 3057 1075 3098 eum
1098 3039 1229 3100 incitavit
1251 3040 1373 3115 Vergilii
1395 3041 1512 3101 Furoris

341 3124 494 3198 descriptio
518 3126 590 3184 Aen.
605 3125 702 3196 1,294.

429 3214 464 3272 In
480 3215 629 3274 Senecae
643 3215 728 3274 Herc.
744 3216 763 3278 f,
780 3215 909 3277 931uno
931 3217 1101 3290 pronuntiat
1124 3235 1186 3277 sese
1214 3221 1408 3278 revocaturam
1433 3220 1513 3298 „dis-

341 3301 453 3360 cordem
476 3304 566 3376 deam,
590 3303 620 3362 in
644 3305 704 3363 alta
727 3305 871 3364 conditam
894 3305 1027 3380 caligine,
1051 3305 1128 3365 ultra
1140 3310 1293 3366 nocentum
1308 3308 1401 3381 exilia,
1426 3327 1513 3382 quam

341 3391 433 3450 munit
455 3391 558 3467 ingens
580 3393 686 3452 montis
710 3394 842 3468 opposito
866 3391 999 3468 specus“.

429 3482 588 3556 Vergilium
611 3483 766 3554 exornavit,
790 3483 863 3542 nihil
886 3483 1018 3558 amplius.
1499 3551 1507 3566 ,

429 3571 490 3629 Iam
513 3571 707 3646 ingrediamur
729 3573 896 3632 Discordiae
919 3573 1137 3648 descriptionem
1160 3575 1339 3646 uberrimam,
1369 3593 1440 3650 quae
1464 3593 1512 3635 ex-

341 3660 401 3717 stat
422 3659 453 3718 in
467 3661 625 3720 Petronii
647 3662 681 3720 de
704 3662 778 3721 bello
803 3662 855 3721 civ.
871 3681 896 3720 v.
914 3667 991 3723 271:
1015 3665 1101 3723 tubae
1115 3664 1293 3736 intremuere,
1318 3667 1347 3724 et
1361 3665 1514 3724 Discordia

341 3747 441 3806 extulit
464 3750 505 3830 ad
524 3767 643 3824 superos
667 3751 798 3826 Stygium
821 3754 907 3826 caput
929 3769 980 3826 per
1002 3753 1101 3811 nubila
1123 3747 1267 3835 tollens.²)

503 3843 530 3898 1.
565 3840 655 3898 scisso
679 3833 795 3922 crine,⁸)
1155 3883 1157 3888 -

501 3931 530 3987 2.
562 3929 594 3986 in
617 3945 664 3988 ore
688 3931 818 3988 concreto
843 3931 992 4006 sanguine,

502 4021 530 4078 3.
564 4020 685 4076 contusa
707 4018 815 4077 lumina
837 4019 954 4091 flebant,

501 4109 531 4165 4.
565 4108 682 4166 stabant
704 4109 792 4166 aerati
816 4109 918 4168 scabra
940 4109 1072 4184 rubigine
1096 4104 1235 4182 concessi
1286 4153 1288 4156 -

501 4201 534 4255 5.-
563 4197 630 4255 tabo
653 4196 754 4271 lingua
776 4198 889 4270 fluente,

468 4439 493 4476 u.
508 4422 602 4492 Ettig:
621 4421 713 4490 Leipz.
729 4423 806 4477 Stud.
824 4423 901 4492 XIII,
920 4440 946 4492 p.
963 4424 1022 4493 250,
1042 4425 1104 4479 adn.
1120 4425 1144 4480 2.

469 4493 502 4546 cf.
513 4495 574 4547 Vel.
589 4495 629 4548 Fl.
645 4494 681 4560 II,
692 4507 732 4548 205
750 4495 897 4562 Tisiphone
918 4500 1016 4563 „caput
1034 4511 1082 4564 per
1099 4497 1193 4552 nubila
1212 4497 1338 4552 tolleus“.

469 4565 546 4620 Ouid.
562 4566 626 4619 Met.
642 4566 689 4627 IV,
700 4581 740 4619 ear
758 4565 904 4634 Tisiphone
923 4567 1035 4621 turbata
1054 4568 1173 4636 capillos.

484 4636 503 4693 f.
518 4637 567 4692 Ov.
582 4641 646 4690 met.
658 4637 733 4704 VIII,
745 4652 792 4718 ace,
