3346 5330
641 525 863 590 ..23-

160 708 247 856 ItnyFsle
265 707 371 856 ἳ111111,
395 707 517 782 Vergilii
534 707 697 782 Tisiphone.
733 707 808 767 Diva
831 708 967 766 Tartarea
990 707 1075 778 diota,
1100 707 1234 781 qnoniam
1257 707 1338 766 sedes

160 815 195 856 rn
245 815 275 856 re
296 813 326 856 o:

266 925 293 981 1.
327 923 416 981 hcem
439 921 579 995 quatiens,

265 1014 293 1070 2.
326 1012 428 1069 flavam
452 1027 560 1070 comam
584 1009 724 1086 sauguine
748 1027 858 1084 sparsa,

264 1102 293 1161 3.
328 1101 424 1159 stridit
447 1101 501 1159 sub
523 1101 636 1174 pectore
659 1099 799 1158 letiferum
822 1116 955 1170 murmur,

264 1193 294 1249 4.
326 1189 407 1248 ferali
430 1192 517 1249 cantu
540 1189 645 1249 bucina
666 1188 783 1249 horrida
804 1187 968 1264 lymphatas
990 1189 1098 1248 mentes
1126 1187 1157 1248 in
1185 1187 1338 1247 certamina

326 1279 396 1354 agit.

256 1405 328 1464 Tota
360 1404 514 1479 descriptio
543 1403 666 1463 erariis
690 1403 857 1478 composita
903 1403 946 1462 Ac
967 1403 1089 1477 primum
1112 1403 1225 1478 quidem
1248 1403 1338 1463 facem

159 1492 234 1552 belli
266 1493 380 1567 signnm
411 1494 502 1554 luisse
525 1511 560 1552 ac
582 1492 651 1552 belli
673 1492 718 1551 dis
749 1493 886 1552 tributam
918 1493 999 1551 docet
1022 1487 1195 1574 Wieseler.¹)
1239 1493 1337 1552 Usita-

161 1581 311 1641 tissimum
343 1584 387 1642 est
417 1583 509 1658 poetis
532 1581 667 1641 Romanis
690 1581 780 1641 furias
802 1581 914 1641 facibus
937 1581 1077 1641 instruere
1101 1575 1336 1663 (111ῐί111111-

160 1671 235 1746 gilio
251 1672 385 1743 VH‚457‚
411 1672 513 1731 Ouidio
536 1673 604 1730 Met.
619 1672 668 1742 IV,
679 1666 755 1752 461),
788 1688 806 1729 a
838 1671 941 1745 quibus
968 1671 1068 1730 Silium
1100 1671 1154 1731 hoc
1176 1673 1334 1730 mutuatum

160 1777 229 1820 esso
262 1777 372 1832 censeo,
405 1761 480 1821 elcut
512 1761 597 1821 etiam
628 1761 701 1819 illud
735 1760 893 1840 „letiferum
925 1757 1068 1819 murmur“
1102 1777 1219 1836 prorsus
1248 1761 1336 1819 furias

159 1851 252 1924 sapit.
298 1851 371 1909 Tota
391 1851 504 1924 pictura
526 1850 595 1910 Silio
619 1849 796 1926 dignissima

254 1939 338 2014 Apud
362 1940 507 2014 aequalem
527 1939 678 1998 Statium
700 1936 797 1999 τόπον
820 1938 910 2010 illum,
934 1939 968 1998 de
992 1956 1047 2012 quo
1063 1939 1267 2014 supradictum
1283 1940 1335 2010 est,

158 2028 268 2086 iterum
298 2029 420 2103 legimns
451 2029 481 2087 in
505 2029 610 2088 Achill.
629 2029 654 2100 I,
669 2031 714 2100 34,
746 2028 796 2087 uhi
828 2028 926 2087 Thetis
958 2029 1127 2088 Teucrorum
1159 2028 1252 2087 classe
1285 2029 1336 2088 ad·

158 2118 295 2177 veniente
318 2118 416 2177 edicit:
1054 2109 1055 2114 ’

369 2261 442 2320 llooe
464 2277 565 2320 novam
588 2260 701 2320 Priamo
725 2259 836 2319 facibus
859 2260 894 2319 de
916 2277 1012 2335 puppe
1034 2259 1135 2320 levatis
1236 2257 1238 2264 '

368 2350 424 2409 lert
446 2349 566 2408 Bellona
588 2367 699 2408 nurum.

254 2492 340 2552 Porro
364 2509 463 2567 pugna
485 2493 684 2551 exardescente
700 2491 830 2567 pingitur
843 2491 963 2551 Bellona
986 2491 1104 2551 maxime
1126 2491 1157 2550 in
1171 2493 1223 2552 Th.
1238 2493 1288 2564 IV,
1304 2497 1334 2552 6:

263 2621 289 2677 1.
323 2634 409 2676 manu
433 2617 558 2676 ostendit
580 2617 694 2676 rutilam
717 2617 818 2687 lacem,

262 2709 290 2765 2.
322 2706 437 2766 hastam
459 2705 598 2766 trabalem
620 2706 775 2780 intorquet,

262 2798 290 2857 3.
323 2797 421 2855 castra
444 2795 531 2866 subit,
554 2795 643 2854 mixta
665 2795 744 2866 11111,
768 2795 863 2854 fremit
885 2795 1015 2866 turmale,

261 2887 289 2943 4.
322 2885 373 2943 dat
396 2901 488 2956 enses,
512 2884 624 2960 plaudit
646 2901 743 2958 equos,
767 2885 852 2944 vocat
874 2885 910 2944 ad
932 2886 1040 2958 portae.

252 3009 355 3069 Vivida
386 3010 541 3085 descriptio
574 3009 676 3084 proelii
708 3010 869 3070 exorientis.
925 3009 1037 3070 Novum
1068 3010 1156 3070 telum
1185 3010 1211 3069 ei
1234 3010 1335 3070 tribuit
1391 3039 1393 3044 ·

158 3099 250 3173 poeta
271 3100 392 3170 hastam,
417 3117 503 3173 quam
525 3098 595 3159 belli
617 3100 733 3160 deorum
755 3099 901 3173 proprium
925 3098 1039 3174 siguum
1061 3099 1151 3159 fuisse
1165 3117 1198 3158 ex
1211 3099 1333 3160 Homero

156 3188 265 3247 Martis
297 3206 375 3247 arma
406 3189 584 3249 describente
617 3205 790 3263 cognoscas3
822 3188 965 3248 Minervae
987 3188 1168 3263 potissimum
1191 3189 1258 3248 data
1280 3191 1333 3248 est.

156 3277 312 3337 Praeterea
342 3277 389 3336 his
420 3278 551 3337 versibus
579 3277 724 3336 adluditur
746 3277 782 3336 ad
805 3277 945 3336 fetialium
967 3271 1088 3358 usnm,²)
1121 3277 1170 3352 qui
1193 3277 1334 3337 exoriente

155 3366 237 3426 bello
261 3366 375 3426 hastam
397 3367 523 3426 hostium
545 3369 649 3425 terram
671 3383 770 3426 uersus
793 3367 884 3425 iacere
900 3366 1042 3438 solebant,
1065 3367 1111 3426 vel
1125 3368 1160 3426 ad
1175 3367 1333 3426 columnam

155 3455 296 3516 bellicam
318 3457 385 3516 ante
408 3456 544 3516 Bellonae
567 3456 651 3516 aedes
675 3456 849 3517 collocatam.

251 3545 378 3604 Eandem
400 3545 543 3606 fictionem
566 3544 655 3604 habes
685 3545 716 3604 in
738 3545 757 3604 l.
773 3545 853 3616 VIII,
877 3563 903 3603 v.
920 3547 993 3616 346,
1026 3545 1076 3604 ubi
1098 3545 1218 3604 Bellona
1250 3545 1332 3606 initio

154 3634 263 3710 proelii
288 3634 434 3714 „trepidas
457 3635 532 3694 fores
555 3636 721 3708 armataque
743 3633 843 3693 limina
864 3630 993 3710 pulsat“.

251 3724 285 3782 Iu
308 3723 382 3795 lII,
405 3741 431 3786 1.
448 3727 510 3785 719
535 3724 646 3799 Tydeus
669 3723 788 3782 Pallada
811 3740 874 3782 oum
896 3722 1016 3782 Bellona
1038 3723 1160 3783 confert:

375 3884 428 3926 neo
449 3867 544 3942 magis
567 3867 699 3926 ardentes
721 3867 835 3926 Mavors
857 3866 1030 3939 hastataque
1052 3883 1166 3941 pugnae

375 3955 520 4030 impulerit
541 3956 661 4015 Bellona
683 3957 778 4018 tubas.

251 4099 286 4157 In
308 4099 327 4157 l.
341 4097 407 4170 XII,
420 4116 445 4160 1.
457 4101 507 4156 721
532 4098 636 4158 diditur
649 4099 702 4158 dea
715 4098 840 4158 alternas
855 4099 955 4172 gentes
969 4097 1000 4155 in
1015 4097 1124 4172 proelia
1138 4097 1209 4157 ciere
1226 4097 1332 4177 „dissi-

155 4184 269 4248 rnilis“.
307 4187 439 4248 Alicuins
462 4188 596 4250 momenti
619 4205 682 4247 esse
705 4188 815 4247 videtur
836 4187 1006 4249 adiectivnm
1022 4183 1220 4266 ,‚dissimilis“.
1258 4186 1332 4245 Nam

157 4295 225 4337 cum
248 4277 368 4350 uterque
391 4277 529 4336 exercitus
551 4277 687 4351 langueat
710 4278 738 4336 et
761 4277 823 4336 eine
846 4276 967 4335 clamore
990 4275 1182 4351 aggrediatur,
1213 4275 1332 4334 Bellona

159 4362 354 4446 „dissImilis“
387 4367 521 4438 vocatur,
555 4366 630 4440 quod
661 4365 766 4425 milites
798 4381 902 4440 magno
935 4382 999 4424 cum
1029 4365 1153 4424 tumultu
1185 4365 1332 4424 consuevit

154 4499 376 4508 —————--

251 4575 261 4607 1

250 4574 273 4717 l
291 4574 481 4715 laen,
497 4647 521 4700 a.
