3346 5330
843 515 1064 580 ..44-

456 697 604 756 Geminum
626 697 731 756 ferrum
744 697 887 756 tenentem
900 696 994 772 pinxit
1007 698 1093 770 poeta
1107 698 1189 757 deam
1203 699 1255 757 Th.
1266 700 1332 769 VII,
1343 703 1379 758 50
1393 700 1424 758 in
1438 701 1543 759 Martis

366 786 448 845 domo
480 787 649 845 versantem.
705 788 785 845 Duas
817 787 917 845 hastae
941 786 1108 846 Discordiae
1135 786 1198 846 dari
1221 788 1313 847 solere
1336 789 1545 848 demonstravit

359 875 503 934 .Wieseler
525 875 621 934 allatis
645 875 795 950 effigiebus
818 875 922 934 Eridis

455 964 603 1024 Postremo
626 964 657 1023 in
673 964 860 1023 Claudiani
884 963 1007 1023 carmine
1029 963 1060 1024 in
1073 965 1138 1024 Ruf.
1154 969 1189 1024 30
1212 965 1288 1024 inter
1301 966 1387 1026 Erebi
1400 969 1544 1040 monstra,

365 1070 438 1126 quae
460 1053 571 1112 Allecto
605 1054 756 1124 convocat,
787 1053 895 1112 dicitur
918 1053 1069 1114 Discordia
1096 1055 1210 1134 „nutrix
1233 1053 1334 1115 belli“.
1380 1056 1487 1116 Mirum
1511 1058 1543 1116 in

365 1142 478 1201 modum
501 1143 635 1217 congruit
657 1160 719 1202 cum
742 1144 796 1202 hac
819 1142 975 1202 elocutione
998 1143 1078 1203 locus
1101 1143 1200 1204 Nonni
1222 1145 1281 1216 XX,
1293 1147 1337 1214 35,
1362 1145 1412 1218 qui
1425 1147 1544 1206 Eridem

364 1233 461 1290 vocat:
494 1229 646 1310 πολέμοιο
669 1229 809 1311 τιθήνην.
855 1231 911 1291 Vix
933 1233 1069 1292 fortuitus
1093 1249 1260 1304 consensus,
1285 1235 1336 1293 sed
1359 1251 1484 1308 quonam
1509 1255 1545 1295 ex

364 1321 453 1392 fonte,
477 1320 660 1380 alexandrino
683 1321 826 1392 nimirum,
849 1322 966 1396 uterque
988 1321 1124 1393 hauserit,
1150 1323 1304 1396 disceptari
1326 1324 1436 1398 nequit.

331 1411 333 1416 ’
453 1409 497 1468 En
520 1409 609 1468 habes
632 1409 799 1470 Discordiae
822 1411 898 1484 apud
920 1412 1022 1484 poetas
1038 1412 1180 1471 Romanos
1204 1413 1336 1487 effigiem,
1361 1430 1447 1486 qnam
1471 1415 1543 1474 stilo

363 1498 450 1572 paulo
473 1498 633 1558 remissiore
656 1499 826 1559 delineatam
849 1499 987 1572 videmus,
1012 1517 1097 1574 quam
1119 1501 1263 1560 Bellonae.
1304 1502 1358 1561 Vir
1383 1503 1544 1578 quidquam

363 1587 431 1648 novi
454 1588 626 1660 adiecerunt,
650 1588 708 1647 nisi
731 1589 807 1663 qnod
829 1588 916 1648 Erebi
938 1585 1074 1648 monstris
1098 1607 1160 1649 eam
1183 1591 1367 1650 asseruerint.

694 2293 925 2411 -Deimos
957 2293 1192 2394 Phobos.¹)

450 2511 552 2571 Martis
575 2512 628 2572 filii
650 2512 712 2572 ideo
737 2513 929 2588 coniungendi
952 2515 1022 2574 mihi
1040 2515 1217 2588 videbantur,
1243 2519 1319 2592 quod
1333 2517 1405 2576 alter
1419 2515 1542 2598 Δεῖμος

362 2618 504 2676 nusquam
527 2601 606 2661 solus
630 2601 780 2664 invenitur.
826 2605 861 2662 Iu
885 2599 1066 2684 Διομήδους
1089 2603 1226 2685 ἀριστείᾳ
1249 2603 1337 2666 Δ440
1367 2625 1466 2684 pugna
1488 2609 1539 2668 in-

363 2690 485 2765 cipiente
509 2709 572 2750 cum
594 2691 679 2750 Eride
702 2693 821 2751 Martem
846 2695 979 2753 secuntur
1002 2690 1117 2773 Δεῖμος
1138 2693 1165 2754 τ’
1190 2693 1247 2774 qod
1274 2692 1391 2776 Φόβος.

450 2780 485 2838 In
509 2780 693 2840 describendo
717 2783 939 2857 Agamemnonis
964 2785 1044 2842 scuto
1068 2780 1143 2844 Aac
1166 2786 1237 2844 haec
1259 2787 1453 2860 proferuntur:

520 2935 558 3011 τῇ
582 2929 611 2992 δ’
637 2929 686 2992 ἐπὶ
707 2929 766 3011 μὲν
788 2929 906 3012 Γοργώ
929 2931 1131 3015 βλοσυρῶπις
1153 2933 1351 3016 ἐστεφάνωτο

521 3016 623 3082 όειυὸν
647 3018 831 3102 δερκομένη,
854 3021 925 3103 περὶ
949 3020 983 3085 δὲ
1006 3021 1121 3104 Δεῖμός
1143 3047 1175 3086 τε
1202 3022 1310 3107 Φόβος
1332 3049 1372 3088 τε.

451 3171 529 3241 Quos
552 3190 653 3232 versus
677 3173 789 3233 exulare
811 3174 1100 3252 iubetFurtwangler
1114 3176 1215 3238 iisdem
1238 3179 1272 3238 de
1296 3179 1402 3252 causis,
1426 3180 1538 3254 quibus

361 3277 448 3335 supra
470 3257 503 3320 E
523 3279 549 3319 v.
568 3263 630 3323 740
641 3279 684 3336 sq.
731 3264 786 3323 Sed
808 3264 871 3324 luce
894 3265 1000 3326 clarius
1024 3268 1068 3325 est
1090 3267 1145 3338 hoc
1168 3285 1281 3342 quoque
1303 3269 1366 3328 loco
1389 3269 1462 3329 vires
1486 3270 1537 3330 in-

359 3349 461 3424 telligi,
487 3367 558 3424 quae
581 3351 612 3409 in
636 3353 718 3411 scuto
742 3353 825 3426 quasi
848 3355 1055 3414 contineantur.
1312 3354 1314 3359 ’

448 3439 483 3497 Ιο
506 3433 627 3522 01192)
650 3441 728 3500 Mars
752 3443 788 3501 ad
810 3461 936 3518 pugnam
959 3445 1152 3518 profecturus:
1186 3445 1301 3514 ἵππους
1332 3445 1438 3508 κέλετο
1461 3445 1535 3510 Δεῖ-

358 3523 422 3606 μόν
444 3549 476 3588 τε
502 3524 612 3608 Φόβον
634 3551 666 3590 τε
689 3529 860 3612 ζευγνύμεν
883 3555 912 3594 ιι.
926 3555 951 3592 τ.
966 3531 992 3594 λ.

449 3617 532 3676 Solus
555 3618 669 3678 Phobos
691 3620 833 3680 invenitur
855 3618 895 3681 Ν
898 3625 960 3694 299,
984 3623 1034 3682 ubi
1057 3625 1226 3685 Idomeneus
1250 3627 1278 3684 ei
1301 3626 1443 3686 Meriones
1466 3645 1535 3688 cum

359 3705 450 3764 Marte
473 3707 588 3782 filioque
612 3709 807 3769 conferuntur:

466 3854 532 3925 οἷος
556 3856 589 3919 δὲ
612 3857 818 3940 βροτολοιγὸς
834 3858 934 3943 Ἄρης
956 3861 1135 3945 πολεμόνόε
1156 3865 1298 3945 μέτεισιν,

464 3951 511 4025 τῷ
535 3944 569 4008 δὲ
596 3945 705 4029 Φόβος
727 3948 818 4029 φίλος
840 3949 909 4020 υἱὸς
931 3951 998 4032 ἅμα
1021 3952 1175 4034 κρατερός
1197 3955 1251 4016 καὶ
1274 3954 1413 4037 ἀτάρβης

465 4034 584 4108 ἕσπετο,
609 4035 645 4106 ὅς
668 4037 693 4097 τ’
720 4037 859 4120 ἐφόβησε
881 4040 1066 4122 ταλάφρονά
1088 4066 1148 4124 περ
1170 4043 1360 4127 πολεμιστήν
1383 4068 1412 4106 τι.
1423 4067 1447 4106 τ.
1458 4043 1484 4108 λ.

447 4189 539 4248 Ambo
564 4190 709 4250 coniuncti
731 4192 829 4251 famuli
843 4193 944 4254 Martis
968 4197 1044 4266 sunt,
1069 4196 1145 4256 filius
1169 4198 1284 4257 disertis
1306 4199 1399 4258 verbis
1413 4199 1531 4260 Phobos

449 4415 469 4484 ¹)
488 4416 628 4471 Welcker:
647 4417 693 4472 Gr.
708 4419 835 4488 Gdtterl„
854 4421 876 4489 I,
895 4437 920 4489 p.
937 4421 996 4476 714.
1029 4423 1229 4479 Roscher·Stoll
1248 4441 1268 4478 s.
1283 4442 1309 4480 v.
1323 4425 1440 4481 Deimos.
1477 4427 1529 4480 Pa·

358 4485 455 4542 nofks:
474 4487 584 4542 Deimos
601 4505 628 4543 u.
647 4489 753 4544 Phobos
772 4490 917 4560 (Gerhardz
937 4493 1055 4561 Hyperb.
1070 4501 1135 4550 rom.
1151 4496 1284 4565 Studien).

447 4557 469 4627 ²)
487 4559 532 4614 W.
547 4559 677 4629 Ribbeck,
702 4561 800 4616 Philol.
812 4563 888 4634 VHI,
907 4565 1000 4620 Jahrb.
1015 4565 1035 4620 f.
1050 4567 1109 4636 Ph„
1129 4567 1171 4635 85,
1191 4585 1216 4636 p.
1231 4568 1273 4638 87,
1300 4569 1347 4636 qui
1366 4568 1480 4624 offendit
1497 4569 1528 4624 in

358 4628 494 4696 particule
514 4631 653 4686 llo-143
672 4639 745 4688 recte
764 4633 904 4690 refutatur
922 4636 956 4691 ab
975 4638 1094 4693 chtaio
1112 4655 1138 4708 p.
1154 4640 1197 4696 98.
