3346 5330
807 527 1030 598 ..254-

332 717 478 778 tuiusdem
502 715 620 792 accepte
642 717 672 774 et
693 717 875 791 Eurynomen
897 711 1001 787 irritat,
1034 718 1096 775 tum
1128 715 1200 774 elias
1224 717 1323 775 domus
1347 714 1428 774 dariis
1451 715 1510 773 inr-

330 804 399 881 plet‚
423 806 515 866 totam
536 819 588 880 per
609 805 707 865 urbem
729 807 873 879 personat.
922 812 924 822 ·
962 813 964 822 ’
1500 827 1504 834 ·

420 895 484 956 disi
506 895 537 954 in
559 893 689 969 plurimis
712 893 832 970 Vergilii
856 893 1005 968 Ovidliqne
1028 893 1202 954 ‘sectatorem
1217 907 1387 976 ‚cognosces
1409 895 1511 952 mmen

331 1003 345 1042 e
369 1000 419 1044 sno
443 980 558 1059 ingenio
582 984 659 1042 houd
681 981 833 1042 infeliciter
857 983 995 1057 quaedam
1013 983 1137 1054 reddidit,
1161 975 1241 1066 uelut
1257 983 1327 1041 deae
1341 982 1430 1041 sedes.
1470 983 1509 1040 In

329 1072 482 1148 postremis
503 1069 633 1132 uersibus
657 1075 754 1148 partos
777 1071 909 1132 Allectus
931 1070 1114 1146 Vergilianas
1137 1085 1292 1147 agnoscere
1314 1071 1390 1130 licet.

419 1163 529 1222 Silius
554 1179 673 1236 quoque,
698 1162 747 1236 qui
769 1161 860 1221 multo
883 1161 976 1236 magis
999 1161 1132 1220 nimirum
1156 1160 1325 1236 adVergilii
1349 1159 1509 1234 exemplum

330 1267 361 1310 se
384 1243 526 1326 adplicet
547 1251 615 1310 deae
638 1247 762 1325 speciem
775 1247 907 1310 nonnihil
920 1251 999 1311 auxit
1013 1239 1076 1332 (VI,
1088 1246 1167 1330 554):
1192 1239 1274 1310 Ales
1287 1249 1413 1324 rapidas,
1437 1267 1506 1308 cru-

330 1341 426 1400 oribus
457 1342 597 1415 perfusas,
630 1341 796 1414 Trasymeni
827 1341 904 1400 unda
935 1339 1042 1400 tinctas
1075 1339 1193 1412 addidit,
1227 1339 1301 1414 quod
1333 1339 1418 1414 plane
1441 1337 1508 1397 Silii

328 1429 452 1490 indolem
476 1429 587 1505 spuet·
602 1427 706 1504 quippe
729 1429 779 1504 qui
802 1429 832 1488 in
855 1425 979 1490 horridis
1001 1429 1087 1488 rebus
1111 1427 1288 1488 inveniendis
1313 1425 1350 1486 ed
1364 1440 1507 1487 exomen-

330 1520 397 1578 dum
421 1519 544 1579 colorem
566 1519 643 1578 haud
665 1517 750 1578 facile
774 1537 792 1577 a
815 1535 957 1593 quoquam
981 1521 1137 1602 superetur.
1205 1555 1206 1558 =

359 1639 362 1650 ·
418 1609 596 1668 Celeritatcm
619 1608 687 1668 deae
709 1608 808 1690 pinxit
824 1609 973 1692 iV,1sq.:
1230 1599 1233 1602 ’

593 1781 695 1842 gressu
717 1767 815 1842 plicuit
837 1767 1002 1842 uolucrique
1025 1767 1139 1828 citatior
1161 1767 1240 1838 ilari,

328 1923 374 1987 uel
396 1925 510 1998 X‚578:
534 1925 591 1986 iam
615 1923 708 1986 sidera
730 1927 836 1987 adibat.
1015 1972 1018 1978 .

417 2017 493 2100 Vera
525 2033 559 2076 ao
590 2015 657 2076 licta
688 2015 773 2075 simul
805 2021 988 2094 spargentem
1014 2035 1065 2093 per
1087 2017 1185 2076 urbem
1207 2017 1294 2092 poeta
1316 2015 1407 2087 finxit,
1432 2015 1506 2074 Ver·

330 2103 430 2180 gilium
452 2103 627 2164 adverbum
650 2103 707 2164 iera
729 2105 857 2168 reddens.
1499 2161 1502 2165 .

397 2191 590 2278 ¹(lreberrlrne
613 2194 729 2254 Famam
752 2198 873 2270 usurpat
890 2197 1036 2256 Statius.
1073 2197 1109 2255 In
1133 2195 1197 2254 silv.
1208 2193 1259 2266 Vl,
1272 2195 1323 2252 103
1346 2193 1435 2253 Fama
1459 2193 1504 2252 di-

329 2283 412 2355 citur,
444 2283 549 2343 vehens
574 2281 733 2343 Germanici
755 2285 863 2356 laurus,
896 2282 1005 2346 volucri
1028 2302 1120 2356 cursu,
1144 2301 1314 2359 praegressa
1336 2281 1418 2354 diem,
1443 2285 1503 2342 tar·

329 2372 396 2432 dum
418 2367 588 2432 Mercurium
620 2369 649 2432 et
679 2370 749 2432 Irim
779 2371 922 2450 linquens.
975 2371 1039 2434 Hoc
1060 2375 1143 2434 mode
1168 2390 1307 2432 summam
1329 2369 1505 2432 celeritatem

328 2459 400 2522 bene
423 2459 559 2535 depinxit.

418 2547 469 2609 Th.
485 2547 588 2623 11‚205
612 2547 645 2610 de
668 2551 778 2625 nuptiis
801 2551 946 2626 Polynicis
970 2549 1113 2628 Tydeiquc
1135 2567 1261 2612 rumores
1294 2551 1419 2627 spargit:
1454 2569 1503 2610 so-

330 2640 390 2699 cias
412 2640 436 2698 it
458 2657 509 2714 per
530 2640 616 2698 urbes
642 2641 715 2718 „dea
737 2641 853 2700 turbida
884 2641 1122 2714 meditamine,
1154 2641 1225 2702 haec
1256 2641 1327 2700 totis
1358 2639 1505 2714 perfundit

328 2729 440 2789 moenia
462 2725 574 2804 pinnis;
598 2729 712 2788 territa
724 2725 898 2790 Eteoclem“.
936 2731 1142 2792 Gravissimum
1158 2729 1252 2806 'igitur
1271 2731 1377 2790 Famae
1398 2749 1503 2792 munus

329 2817 419 2878 luisse
442 2815 558 2878 timores
581 2813 716 2878 iniciendi
738 2819 810 2878 satis
832 2819 1017 2896 perspicuum
1039 2822 1092 2882 est

417 2908 524 2966 Eodem
546 2907 629 2966 modo
653 2908 703 2967 Th.
718 2907 832 2980 lusce
855 2909 996 2970 mruetnx
1015 2911 1105 2970 Fama
1126 2905 1287 2970 accumulat
1310 2909 1424 2970 crebros
1447 2927 1502 2984 pa-

327 3011 420 3068 vores,
444 2992 555 3056 Eteoeli
577 2997 682 3056 metum
704 2995 795 3058 inicit.

416 3083 495 3158 VI,2
518 3085 619 3145 munda
641 3085 739 3159 Fama,
762 3088 918 3163 multivago
942 3089 1033 3164 gradu
1055 3087 1141 3148 urbes
1163 3087 1330 3162 perlabitur.

416 3171 511 3246 maa
533 3173 623 3234 Fama
645 3193 722 3250 uaga
745 3177 844 3251 rapido
866 3195 1008 3238 murmure
1030 3178 1060 3238 iu
1083 3179 1193 3237 turmas
1216 3177 1374 3252 spargitur,
1407 3178 1501 3252 aptis·

327 3263 397 3323 sime
420 3266 536 3323 vocata:
560 3261 644 3324 index
665 3261 808 3340 pernicior
829 3267 924 3338 solito,
948 3284 1011 3327 cum
1033 3263 1159 3342 lugenda
1181 3265 1274 3326 reteri.
1357 3339 1359 3342 ¹

414 3352 528 3412 Primus
542 3351 651 3412 Statius
675 3371 736 3413 earu
759 3372 824 3414 curu
838 3352 928 3414 Marte
950 3357 1056 3416 arctius
1080 3356 1231 3430 coniungit
1253 3355 1285 3414 in
1299 3352 1351 3414 Th.
1367 3353 1423 3428 ΙΙΙ,
1435 3359 1498 3430 426,

326 3441 407 3501 cuius
439 3444 505 3500 ante
537 3459 648 3501 currum
678 3443 757 3502 volat
791 3445 882 3524 „uigil
910 3446 1091 3518 emiseno,
1122 3461 1213 3504 uanos
1237 3462 1329 3504 rerum
1352 3445 1501 3506 succincta

324 3531 473 3591 tumultus.
521 3531 658 3606 Trepidas
689 3532 802 3606 plumas
835 3533 923 3594 denso
947 3551 1010 3594 cum
1032 3551 1173 3594 murmure
1196 3533 1311 3594 excutit.
1357 3535 1501 3595 Premitur

326 3620 450 3680 stimulis
474 3619 598 3679 cruentis
622 3639 640 3679 a
662 3619 770 3680 Pavore
793 3619 902 3698 auriga,
925 3625 958 3684 ut
980 3623 1060 3683 facta
1083 3626 1111 3682 et
1132 3623 1239 3683 infecta
1261 3620 1424 3698 loquatur.“

413 3710 486 3768 Raro
502 3709 720 3770 Claudianus
733 3711 851 3770 Famam
864 3712 987 3772 inducit:
1011 3713 1105 3784 XVII,
1116 3716 1177 3784 270,
1200 3713 1251 3778 ubi
1264 3715 1381 3788 accepto
1405 3713 1500 3774 Theo—

324 3798 386 3857 dori
409 3799 559 3858 consulatu
584 3800 706 3878 „pennis
729 3801 833 3860 excitet
856 3798 945 3861 silvas
958 3802 1068 3862 Aonias
1090 3800 1143 3874 ita,
1166 3805 1199 3860 ut
1221 3803 1321 3862 Musae
1344 3803 1381 3861 ad
1404 3803 1498 3862 Theo·

324 3885 435 3948 dasium
458 3883 656 3948 celebrandum
678 3887 823 3952 veniaut“.

411 3973 513 4050 XXVI,
523 3976 573 4034 201
589 3975 679 4037 Fame
691 3975 839 4053 nigrantes
855 3980 916 4040 alas
931 3979 1084 4060 peroribus
1104 3981 1252 4040 succincta
1274 3998 1369 4041 secum
1392 3985 1500 4042 cuncta

323 4066 440 4124 trahens
463 4066 564 4124 torruit
588 4067 730 4127 Oceanum
753 4070 782 4126 et
803 4069 959 4128 tremefecit
981 4067 1098 4129 Thulen.
