3346 5330
601 528 857 610 ⁸--rr-

161 712 283 785 pugnat.
338 711 413 770 Nam
446 711 472 770 si
504 711 623 770 Phobon
656 711 738 769 doum
769 711 847 768 haud
879 709 1012 785 exiguum
1044 711 1101 769 iam
1133 712 1198 770 ante
1221 712 1337 771 Homeri

163 802 285 858 aetatem
318 801 409 864 fuisse
440 801 614 875 putaremus,
648 801 830 859 statuendum
860 801 935 859 esset
959 799 1083 858 Graecos
1105 800 1222 859 Homeri
1245 803 1337 860 aetate

164 891 247 948 scuta
270 889 315 948 dei
338 889 463 964 imagine
487 889 633 949 ornavisse
655 889 685 948 id
708 890 753 948 est
775 887 843 948 deos
866 889 959 964 effigie
981 889 1107 949 finxisse.
1152 889 1234 959 Quod
1256 907 1336 965 pror·

164 997 214 1037 sus
247 979 410 1053 negandum
444 981 496 1038 est.
552 979 652 1050 Immo,
687 978 762 1037 sicut
794 995 828 1036 ex
859 995 1003 1052 gorgoneo
1031 979 1061 1036 in
1085 979 1204 1038 Graecia
1226 980 1337 1038 demum

170 1069 265 1142 Gorgo
289 1068 357 1128 ficta
381 1070 433 1139 est,
459 1086 497 1127 ex·
513 1069 640 1127 monstro
664 1067 783 1126 asiatico
800 1067 917 1142 Sphinx,
941 1068 1038 1126 eodem
1051 1067 1133 1126 modo
1148 1085 1210 1127 moa
1224 1068 1338 1142 quidam

169 1157 312 1216 sententia
335 1175 368 1216 ex
391 1157 466 1216 scuti
488 1157 613 1232 imagine
636 1157 745 1215 usitata
767 1157 865 1216 hostes
882 1157 1007 1215 terrendi
1021 1173 1108 1216 causa
1122 1157 1207 1216 affixa
1220 1157 1338 1217 daemon

165 1247 288 1314 terroris,
306 1243 391 1309 fletus
415 1249 467 1317 est,
492 1246 537 1306 cui
560 1247 634 1306 idem
656 1246 790 1305 nimirum
805 1263 908 1305 nomen
921 1245 1096 1318 tribuebant,
1120 1247 1195 1320 qued
1209 1246 1337 1322 imagini.

166 1337 268 1410 Itaque
296 1319 405 1415 Φόβος
436 1335 510 1394 nihil
543 1338 586 1394 est
617 1335 675 1394 nisi
706 1333 949 1414 προσωποποιία
980 1335 1096 1394 terroris
1125 1353 1158 1394 ex
1181 1338 1262 1395 scuto
1287 1337 1337 1395 ad·

164 1443 263 1484 versus
286 1425 385 1484 hostes
409 1425 492 1498 quasi
516 1424 685 1484 emanantis.
734 1424 823 1494 Quem
846 1424 932 1483 Marti
956 1425 1085 1484 comitem
1115 1425 1242 1484 additum
1274 1442 1337 1484 esse

162 1531 221 1574 nou
253 1514 364 1586 mirum,
397 1514 517 1574 Daimon
541 1516 635 1573 autem
659 1513 831 1585 adiecerunt,
864 1516 897 1572 ut
923 1531 1028 1573 numen
1052 1513 1248 1588 exprimerent,
1282 1531 1336 1589 quo

161 1600 265 1683 φόβος
288 1604 432 1664 excitetur.

250 1693 371 1754 Phobon
403 1692 542 1768 paulatim
574 1693 604 1752 in
637 1692 869 1767 superstitionem
902 1691 943 1750 ita
975 1692 1135 1767 irrepsisse,
1168 1694 1201 1751 ut
1223 1683 1336 1767 publice

162 1781 310 1853 coleretur,
334 1782 466 1857 inprimis
490 1783 526 1841 ab
549 1782 768 1856 imperatoribus
792 1783 828 1840 ad
850 1799 979 1856 pugnam
1001 1782 1180 1855 proiecturis,
1212 1800 1245 1841 ex
1266 1782 1336 1841 Plu-

161 1871 254 1930 tarchi
285 1871 357 1931 locis
391 1889 479 1946 supra
507 1871 733 1931 commemoratis
757 1871 921 1952 colligitur,
962 1870 1043 1940 Quod
1066 1873 1159 1930 autem
1184 1871 1337 1930 Selinuntii

161 1962 259 2020 Iovem
282 1963 311 2019 et
332 1961 452 2021 Phobon
475 1963 508 2019 ut
531 1977 656 2020 summos
680 1962 748 2020 deos
770 1960 949 2035 praedicant,
977 1961 1054 2019 haud
1078 1960 1137 2020 scio
1161 1978 1197 2019 an
1221 1979 1278 2020 uon
1303 1963 1337 2021 de

161 2050 261 2109 Pheho
284 2050 354 2110 belli
377 2052 512 2109 daemone
536 2052 648 2125 agatur,
683 2051 734 2108 sed
765 2050 799 2108 de
822 2049 914 2108 Marte
937 2049 1051 2109 nomine
1074 2049 1167 2108 Phobi
1191 2050 1337 2110 Selinunte

162 2139 249 2198 culto.
296 2139 370 2198 Nam
403 2140 434 2198 in
465 2139 550 2198 titulo
580 2142 649 2214 pest
675 2139 824 2199 victoriam
847 2141 961 2198 exarato
984 2140 1105 2198 Martem
1128 2141 1202 2198 certe
1226 2139 1336 2199 deside-

162 2246 268 2288 ramus.

251 2317 329 2376 Haec
352 2318 560 2392 praemittenda
583 2319 673 2398 erant,
697 2335 774 2378 nunc
798 2318 834 2376 ad
857 2321 958 2392 poetas
982 2319 1163 2376 revertamur.
1202 2318 1248 2376 Ab
1268 2319 1336 2377 He·

164 2407 262 2466 siodo
285 2407 382 2482 theog.
397 2425 423 2466 u.
442 2409 505 2468 934
529 2407 644 2467 Deimos
669 2410 697 2466 et
720 2408 835 2466 Phobos
858 2407 933 2466 inter
954 2407 1057 2464 Martis
1072 2405 1246 2481 Venerisque
1268 2425 1336 2482 pro·

163 2497 273 2570 geniem
297 2497 492 2556 nominantur:

368 2646 404 2708 οἴ
419 2645 445 2707 τ’
472 2644 600 2727 ἀνδρῶν
622 2643 757 2714 πυκινὰς
778 2644 944 2707 κλονέουσι
968 2643 1132 2725 φάλαγγας

368 2735 401 2797 ἐν
423 2735 556 2817 πολέμῳ
579 2733 722 2815 κρυόεντι
745 2732 802 2796 σὺν
818 2732 909 2815 Ἄρηι
931 2733 1152 2814 πτολιπόρθῳ·

253 2889 340 2948 Cuius
364 2889 487 2949 fictionis
511 2905 611 2948 ensem
635 2888 713 2948 dedit
726 2889 876 2960 Homerus,
901 2905 964 2948 curn
978 2888 1097 2947 Phobon
1121 2889 1222 2947 Martis
1245 2889 1334 2948 filium

164 2979 287 3126 dmeleltu
311 3067 434 3127 carmine
458 3068 491 3125 de
515 3068 597 3126 scuto
611 3067 742 3126 Heraclis
766 3085 792 3124 v.
811 3070 873 3127 195
896 3066 972 3125 inter
994 3067 1104 3141 effigies
1122 3067 1202 3125 iuxta
1216 3067 1334 3126 Martem

163 3155 278 3215 Deimos
302 3159 331 3216 et
352 3157 469 3215 Phobos
492 3157 566 3215 fiunt
589 3159 712 3215 stantes:

368 3306 483 3388 ἱέμενοι
505 3304 646 3386 πόλεμον
669 3303 882 3385 καταδύμεναι
905 3303 1041 3384 ἀνδρῶν.

252 3460 291 3518 Et
312 3477 338 3520 v.
353 3462 417 3520 463
441 3459 527 3518 Marti
550 3459 586 3518 ab
609 3459 731 3518 Hercule
754 3457 902 3518 vulnerato

372 3607 482 3691 Φόβος
505 3607 558 3671 καὶ
582 3608 696 3690 Δεῖμος
720 3608 871 3690 εὔτροχον
894 3607 980 3688 ἅρμα
1003 3605 1057 3668 καὶ
1079 3607 1194 3676 ἵππους

324 3698 457 3779 ἤλασαν·
482 3697 550 3778 αἶψ’
576 3696 676 3779 ἐγγὺς,
699 3697 753 3760 καλ
776 3695 839 3759 ἀπὸ
862 3695 982 3780 χθονὸς
1005 3695 1187 3779 εὐρυοδείης

325 3788 356 3856 ἒς
380 3786 494 3869 δίφρον
517 3787 624 3868 δῆκαν
647 3785 883 3848 πολυδαίδαλον
905 3809 934 3848 κ.
949 3808 973 3848 τ.
989 3784 1015 3847 λ.

255 3943 328 4000 Sane
341 3941 456 4000 Homeri
480 3943 533 4012 est,
558 3942 632 4014 quod
646 3940 747 3999 Martis
771 3940 887 4014 aurigae
901 3939 946 3998 rel
960 3939 1059 3998 famuli
1073 3940 1218 4012 putantur.
1258 3940 1334 4009 Quo·

165 4050 228 4090 rum
251 4032 371 4090 alterum
393 4033 514 4102 tautum,
547 4031 666 4089 Phobon
689 4030 830 4102 videlicet,
863 4045 997 4102 vasorum
1027 4028 1151 4102 pictores
1180 4029 1334 4103 elegerunt,

165 4139 228 4180 curn
251 4122 372 4179 Martem
394 4120 424 4178 in
447 4119 585 4194 proelium
606 4121 754 4178 vehentem
776 4113 964 4200 pingerentl)

255 4211 297 4268 De
313 4208 481 4283 Aeschyli
503 4209 566 4268 loco
590 4209 620 4266 in
636 4210 713 4284 Sept.
729 4227 755 4266 u.
772 4212 813 4268 47
838 4208 895 4266 iam
917 4225 946 4281 p.
965 4209 1004 4266 15
1028 4206 1115 4265 verbe
1136 4207 1202 4265 feci:
1228 4208 1335 4280 septem

165 4299 210 4358 illi
232 4300 318 4358 duces
340 4316 391 4372 per
413 4299 540 4370 Martem,
564 4299 655 4372 Hnyo,
681 4298 801 4356 Phobon
824 4297 922 4354 iurant
945 4313 975 4354 se
999 4297 1097 4354 urbem
1120 4295 1262 4354 deleturos
1286 4299 1337 4354 eut

165 4388 318 4447 morituros
341 4405 412 4448 esse.
457 4387 522 4445 Non
547 4387 608 4446 sine
632 4387 751 4446 consilio
775 4389 860 4460 poeta
882 4387 963 4460 Enyo
995 4387 1023 4443 et
1045 4384 1164 4443 Phobon
1187 4385 1273 4443 Marti
1303 4388 1337 4443 ut

257 4578 277 4647 ²)
296 4577 500 4645 Hurtwtngler:
524 4577 617 4630 Kelol.
633 4576 658 4630 d.
674 4576 746 4630 Berl.
757 4575 961 4642 Vasensamml,
980 4591 1007 4627 u.
1023 4574 1104 4628 1732:
1124 4573 1220 4628 Martis
1239 4579 1268 4628 et
1281 4574 1335 4629 He-

165 4649 247 4704 raclis
266 4655 411 4716 certarnen,
431 4647 529 4717 auriga
547 4648 644 4701 Martis
662 4648 768 4702 Phobos
787 4653 836 4704 est.
873 4646 969 4700 Pinxit
987 4645 1113 4699 Kolchos.
