3346 5330
616 527 838 590 ..37-

139 707 253 781 Cypriis
275 708 402 767 recedere
427 708 530 767 statuit
552 709 687 782 Wagner.
729 708 819 782 Atqui
841 707 959 768 reticere
982 701 1047 766 nolo
1072 707 1254 782 quaestiones
1278 709 1312 766 de

138 796 309 870 Apollodori
330 797 507 857 bibliotheca
529 815 605 856 nuno
629 797 741 871 quidem
764 814 821 856 non
844 797 886 856 ita
909 797 1058 856 absolutas
1081 797 1181 868 videri,
1211 798 1244 856 ut
1266 815 1312 856 ar·

138 887 305 960 gementum
328 887 516 946 certissimum
539 887 676 946 elicerem.

228 975 447 1051 Progrediamur
470 977 506 1034 ad
528 975 730 1046 Hesiodum,
762 975 811 1048 qui
834 975 948 1034 Eridem
971 975 1092 1034 inseruit
1113 974 1188 1034 inter
1210 975 1312 1035 Noctis

138 1065 304 1138 progeniem
328 1060 447 1145 (Theog.
472 1083 498 1124 v.
526 1060 602 1146 225)
634 1065 662 1122 et
692 1066 812 1124 matrem
843 1064 910 1123 fecit
937 1064 1089 1124 multomm
1112 1065 1311 1123 monstromm.

137 1154 218 1211 idem
241 1148 298 1234 ('E.
313 1175 342 1214 κ.
357 1152 386 1233 ἡ.
401 1172 426 1215 v.
444 1148 497 1236 11)
524 1154 557 1212 de
581 1153 691 1212 duabus
715 1153 776 1212 deis
799 1153 874 1212 inter
898 1171 928 1212 se
955 1153 1042 1229 plane
1073 1152 1194 1212 divorsis
1226 1153 1313 1212 uerba

137 1243 223 1302 facit:

578 1327 634 1410 τὴν
654 1329 715 1411 μέν
737 1353 792 1392 κεν
815 1329 1003 1392 ἐπαινέσσειε
1025 1330 1152 1411 νοήσας,

245 1420 264 1501 ἡ
290 1419 319 1481 δ’
345 1419 545 1501 ἐπιμωμητή·
571 1417 621 1480 διὰ
645 1418 674 1481 δ’
701 1419 813 1501 ἄνδιχα
836 1417 944 1500 θυμὸν
967 1419 1100 1500 ἔχουσιν.

125 1573 130 1582 ,
245 1509 265 1590 ἡ
288 1508 348 1590 μὲν
372 1507 432 1590 γάρ
454 1507 596 1589 πόλεμόν
618 1531 650 1570 τε
672 1507 775 1571 κακὸν
797 1507 852 1570 καί
875 1507 966 1589 δῆριν
989 1506 1119 1589 ὀφέλλει.

246 1597 380 1680 σχετλίη·
405 1599 488 1666 οὔτις
509 1597 565 1678 τήν
589 1620 622 1678 γε
647 1597 732 1679 φιλεῖ
751 1596 874 1680 βροτός,
899 1596 967 1660 ἀλλ’
992 1597 1046 1660 ὑπ’
1072 1596 1214 1679 ἀνάγκης

246 1687 418 1750 ἀθανάτων
440 1686 592 1769 βουλῇσιν
607 1685 697 1768 Ἔριν
718 1691 830 1768 τιμῶσι
852 1687 990 1768 βαρεῖαν.

229 1831 309 1890 Sicut
330 1831 393 1891 voci
416 1829 480 1910 ἔρις
503 1831 558 1890 duo
582 1831 683 1890 insunt
704 1831 836 1890 notiones
859 1832 888 1890 et
908 1831 986 1890 rixae
1009 1832 1037 1890 et
1065 1830 1238 1903 certaminis,
1270 1831 1312 1890 ita

135 1921 214 1980 inter
236 1921 341 1980 bonam
365 1922 446 1979 deam
470 1922 498 1979 et
520 1921 625 1979 malam
649 1920 800 1979 discrimen
822 1920 898 1979 fecit.
938 1920 1019 1989 Quod
1041 1937 1099 1979 non
1119 1921 1233 1978 tantum
1246 1939 1311 1994 pre-

135 2011 270 2068 mendum
302 2027 365 2068 esse
396 2012 475 2084 puto,
509 2011 542 2069 ut
568 2010 599 2068 in
623 2009 826 2083 superstitione
850 2009 1019 2068 Graecorum
1042 2010 1117 2068 hano
1141 2010 1311 2068 sententiam

134 2099 194 2157 niti
227 2101 397 2158 statuamus.
453 2100 488 2157 Iu
520 2099 600 2158 rasis
631 2099 743 2173 quidem
766 2099 847 2157 deam
869 2098 966 2158 mitem
990 2099 1026 2158 ab
1048 2098 1164 2157 horrida
1187 2115 1244 2158 non
1268 2099 1311 2157 di·

134 2205 250 2246 versam
273 2188 363 2248 fuisse
386 2205 437 2246 suo
470 2189 531 2246 iure
564 2189 769 2248 contenderunt
801 2189 829 2246 et
851 2181 981 2270 Bruun¹)
1015 2189 1043 2246 et
1064 2181 1240 2268 Wieselerfl)
1287 2189 1310 2246 Ε

134 2277 247 2336 verbis:
280 2275 334 2336 ὑπ’
369 2275 510 2357 ἀνάγκης
541 2279 653 2356 τιμῶσι
684 2277 851 2352 neutiquam
883 2277 1014 2348 efficitur,
1047 2279 1081 2336 ut
1103 2277 1169 2336 Eris
1198 2277 1311 2352 publice

135 2366 216 2425 culta
239 2359 316 2448 scr)

226 2455 278 2514 Bis
301 2455 415 2514 Eridem
437 2458 560 2530 usurpat
582 2457 667 2530 poeta
689 2455 788 2528 libelli,
822 2455 872 2530 qui
903 2453 1069 2514 inscribitur
1100 2451 1192 2522 ἀσπὶς
1211 2450 1309 2534 Ἡρα·
1409 2513 1414 2522 ,

133 2541 265 2635 κλέους,·
287 2545 318 2604 in
341 2563 366 2605 v.
385 2547 446 2606 148
470 2546 592 2604 dracone
614 2545 705 2604 medio
729 2545 871 2619 descripto
895 2545 937 2604 sic
959 2545 1066 2618 pergit:

678 2683 727 2748 ἐπὶ
751 2684 785 2747 δέ
808 2684 978 2767 βλοσυροῖο
1000 2684 1151 2766 μετώπου

246 2773 331 2856 δεινὴ
349 2773 437 2855 Ἔρις
459 2773 615 2856 πεπότητο
638 2774 838 2855 κορύσσουσα
862 2773 978 2836 κλόνον
1001 2773 1138 2854 ἀνδρῶν,

245 2863 374 2946 σχετλίη,
398 2864 419 2945 ἥ
442 2863 483 2945 ῥα
507 2862 583 2926 νόον
605 2886 637 2926 τε
659 2863 713 2925 καὶ
736 2863 771 2925 ἐκ
795 2863 914 2946 φρένας
937 2864 1043 2926 αἴνυτο
1067 2867 1196 2944 φωτῶν.

228 3009 289 3078 Quo
324 3008 429 3083 optime
462 3008 645 3067 confirmatur
675 3009 776 3066 nostra
805 3009 839 3067 de
867 3007 1052 3068 daemonibus
1076 3007 1105 3066 in
1130 3009 1210 3068 scuto
1234 3008 1309 3068 fictis

135 3098 281 3156 sententia
313 3115 400 3173 supra
432 3097 558 3172 prolata3
591 3097 638 3156 hic
670 3097 744 3156 euim
767 3097 881 3156 Eridem
906 3097 955 3175 „in
987 3097 1081 3156 fronte
1103 3097 1224 3157 monstri
1247 3115 1309 3157 ver-

135 3184 267 3246 santem“
293 3203 351 3246 non
375 3189 444 3246 deae
467 3187 560 3260 specie
583 3204 711 3261 pressam
735 3203 797 3245 esso
821 3187 896 3246 certo
921 3187 1025 3245 certius
1049 3187 1102 3245 est.
1148 3187 1257 3246 Deinde
1279 3187 1309 3245 in

133 3294 164 3334 v.
183 3279 296 3350 155sq.
315 3277 433 3356 ⁴eosdem
456 3293 555 3336 versus
588 3276 780 3350 agnoscimus,
813 3276 847 3334 de
880 3275 983 3349 quibus
1017 3292 1103 3349 supra
1126 3275 1233 3334 dictum
1256 3277 1308 3348 est,

134 3360 172 3424 Σ
178 3367 229 3422 535
240 3383 282 3440 sq.
305 3366 466 3440 paullulum
488 3366 614 3424 mutatos
639 3361 784 3445 (ἐθύνεον
806 3381 858 3439 pro
883 3360 1035 3445 όμίλεον);
1069 3381 1140 3440 quos
1174 3381 1236 3424 sero
1264 3365 1309 3424 in·

135 3455 231 3513 sortes
254 3472 317 3514 esse
333 3455 473 3514 Odofredo
488 3448 638 3536 Mueller4)
662 3455 870 3514 concedendum
894 3455 946 3524 est,
972 3453 1021 3528 qui
1042 3453 1200 3512 rectissime
1219 3472 1309 3528 neque

134 3542 252 3602 Eridem
282 3543 328 3602 bis
360 3544 606 3603 commemoratam
637 3561 728 3618 neque
759 3543 964 3602 sententiarum
991 3559 1127 3602 conexum
1149 3545 1226 3602 recto
1249 3544 1308 3603 talo

135 3633 216 3691 stare
238 3632 318 3691 vidit.

227 3722 261 3780 ln
283 3721 435 3796 lyricomm
458 3723 604 3796 poetarum
626 3722 794 3796 fragmentis
816 3721 862 3780 bis
884 3721 943 3796 legi
965 3721 1060 3781 Eridis
1084 3739 1200 3780 nomen:
1224 3722 1308 3780 Alc·

135 3805 299 3894 maneml)
322 3829 385 3870 eam
406 3828 524 3871 vocasse
550 3807 700 3890 ,χθόνιον
722 3807 832 3889 τέρας“
854 3811 971 3870 eSuida
985 3810 1129 3870 discimus.
1167 3811 1205 3869 nt
1227 3812 1308 3886 Iby-

136 3894 230 3982 cus⁶)
255 3918 289 3960 ea
311 3901 402 3960 ut'tur
425 3895 516 3982 (τάχα
539 3899 594 3960 κέν
616 3921 661 3966 τις
684 3895 791 3982 ἀνὴρ);

397 4039 524 4122 Ἔριδος
546 4039 617 4102 ποτὶ
639 4039 765 4122 μάργον
788 4040 872 4121 ἔχων
896 4040 996 4122 στόμα

404 4129 490 4192 ἀντία
515 4129 605 4211 δῆριν
629 4129 699 4211 ἐμοὶ
722 4129 882 4210 κορύσσοι.

227 4285 248 4388 ἓ)
267 4287 394 4342 Troische
417 4286 569 4355 Miscellen,
593 4303 619 4354 p.
634 4287 668 4339 56
688 4285 1197 4356 (Sitaungeberd.Akad.a.llli'1nch.‚
1219 4285 1307 4356 1868).

226 4359 249 4532 Ῑλ
267 4358 497 4495 ληάοάχλθλάέοίτε
515 4427 664 4484 verisimile
682 4432 772 4496 putat.
804 4423 808 4429 ’

226 4502 248 4675 γλ
267 4500 454 4641 δίιὲιὲλάῥι,
467 4571 548 4640 ngm.
564 4571 615 4640 ιιι,
635 4588 660 4639 p.
676 4573 718 4640 ιτ,
737 4588 763 4626 n.
782 4571 840 4626 151.

238 4643 248 4713 )
267 4643 373 4712 Bergk:
392 4643 442 4712 111,
461 4660 487 4712 p.
501 4643 561 4712 ιιι,
580 4658 607 4696 n.
622 4643 665 4697 ao.
