3346 5330
850 555 1133 656 -325

372 736 403 794 iu
427 735 526 810 aegide
549 735 618 794 fieta
641 729 723 816 est,¹)
754 751 851 793 uerum
884 734 960 808 qued
990 734 1089 809 aegide
1120 751 1262 809 nusquam
1296 735 1333 794 ad
1362 735 1547 809 pugnandum

372 822 535 895 lacessitur,
564 823 663 898 potius
691 824 790 883 hostes
813 825 956 882 terrentur
978 825 1006 882 et
1028 824 1175 898 fugantur.
1221 824 1297 898 Ergo
1320 824 1443 895 ibidem,
1479 841 1547 898 quo·

373 913 451 972 uiam
473 930 621 987 uunquam
645 913 731 972 ebeni
753 913 831 987 parti
853 913 948 972 lavere
972 913 1085 987 dicitur,
1118 913 1192 972 nihil
1219 913 1281 987 agit
1302 913 1361 972 nisi
1382 915 1415 972 ut
1438 913 1547 972 animos
1647 929 1648 976 l

373 1003 484 1074 incitet,
508 1002 608 1077 aegide
631 1002 761 1062 indutam
788 1002 879 1061 fuisse
910 1018 968 1061 non
999 1002 1152 1062 verisimile
1185 1003 1238 1074 est,
1271 1004 1371 1062 contra
1393 1001 1547 1062 Minervam

375 1093 546 1151 Graecorum
576 1091 741 1151 adiutricem
774 1091 902 1166 aegidem
930 1093 1065 1166 gestasse
1102 1108 1162 1151 nou
1198 1091 1340 1150 miramur.
1403 1085 1547 1174 mankel)

373 1199 470 1242 arcum
503 1181 653 1240 caelestem
685 1181 742 1240 dici
773 1182 866 1256 putat,
899 1198 982 1254 quem
1013 1181 1099 1254 poeta
1130 1180 1167 1239 ab
1190 1181 1275 1240 Eride
1298 1181 1411 1256 ingenti
1434 1197 1549 1256 corpore

373 1271 503 1346 praedita
527 1287 612 1345 super
630 1270 809 1329 Achaeorum
831 1287 919 1329 naves
943 1271 1090 1330 extensum
1112 1269 1255 1342 finxisset3
1280 1287 1350 1330 saue
1363 1267 1452 1330 Pars
1467 1287 1549 1329 arcus

372 1358 465 1440 τέρας
487 1356 640 1439 πόλεμοιο
662 1361 789 1430 vocatur,
823 1360 873 1419 sed
897 1359 1037 1434 quomodo
1060 1359 1121 1418 fieri
1143 1361 1249 1434 potest,
1282 1361 1315 1419 ut
1346 1360 1401 1418 hoc
1434 1359 1550 1435 siguum
1648 1351 1649 1410 l

377 1449 427 1528 „in
449 1447 581 1508 manibus
605 1445 742 1508 toneat“?
774 1451 921 1524 praeterea
955 1450 1031 1508 recte
1055 1447 1254 1508 animadvertit
1276 1449 1386 1508 Hentze
1409 1449 1549 1508 hocloco

373 1538 446 1597 nihil
478 1546 532 1598 uo's
564 1538 662 1597 iubere
684 1538 799 1599 Eridem
832 1538 890 1596 alia
921 1538 1089 1612 apparuisse
1121 1538 1214 1613 figura
1243 1538 1363 1609 credere,
1396 1542 1483 1612 atque
1506 1556 1549 1608 ea,

375 1645 431 1701 qua
453 1627 499 1688 dei
522 1627 566 1686 uti
589 1627 710 1690 soleant.
748 1629 782 1686 E.
798 1627 835 1686 H.
850 1619 978 1707 Meyer⁸)
1002 1627 1115 1702 quidem
1137 1628 1193 1687 hoc
1215 1627 1277 1686 loco
1293 1627 1406 1698 Iridem,
1429 1629 1551 1686 veterem

374 1717 445 1776 belli
468 1717 557 1787 deam,
582 1734 600 1774 a
623 1717 806 1776 diasceuasta
824 1717 855 1775 in
869 1717 982 1776 Eridem
995 1718 1134 1776 mutatam
1158 1734 1221 1776 esse
1235 1719 1341 1788 censet,
1366 1717 1441 1790 quod
1455 1717 1552 1775 credat

375 1807 498 1865 Iudaeus
513 1805 625 1880 Apella.
662 1807 708 1864 Me
733 1806 845 1880 quidem
858 1799 1027 1887 wisselerl)
1051 1807 1138 1865 habet
1162 1806 1366 1866 assentientem
1389 1805 1439 1880 qui
1461 1806 1553 1865 facem
1649 1815 1650 1824 ¹

375 1913 470 1954 verum
492 1892 645 1974 πολέμοιο
667 1893 760 1974 τέρας
783 1913 855 1966 esse,
889 1895 1001 1954 utiam
1026 1895 1183 1954 scholiasta
1213 1895 1372 1966 adnotavit,
1406 1912 1458 1954 suo
1490 1896 1552 1954 iuro

328 2047 332 2056 ,
376 1985 531 2056 contendit,
564 1985 646 2043 vetus
679 1985 753 2044 enim
776 1984 845 2043 belli
869 1984 984 2060 signum
1007 1979 1163 2066 est·(apud
1186 1985 1339 2044 Homerum
1362 1981 1431 2051 datr
1454 1987 1482 2043 et
1504 1985 1554 2043 fax

376 2076 404 2132 et
425 2074 531 2133 bellum
554 2067 625 2156 est),
658 2074 737 2132 velut
758 2075 912 2132 Minervam
945 2075 1007 2133 face
1029 2074 1189 2148 praeditam
1211 2074 1242 2132 in
1265 2074 1337 2133 artis
1360 2074 1553 2132 monumentis

376 2163 544 2239 invenimus,
578 2181 596 2221 a
627 2163 721 2238 poetis
743 2163 880 2222 Romanis
914 2163 1070 2222 sescenties
1094 2163 1214 2222 Bellona
1237 2164 1266 2222 et
1289 2163 1440 2222 Discordia
1462 2163 1554 2222 facem

310 2283 312 2289 ·
377 2251 538 2326 quatientes
551 2251 707 2326 finguntur.
745 2253 833 2312 Porro
849 2253 923 2311 idem
947 2253 1097 2311 admodum
1120 2252 1308 2326 probabiliter
1330 2252 1408 2311 vasis
1432 2253 1555 2327 figuram

377 2335 556 2423 quandaml)
590 2341 670 2400 deam
703 2342 775 2400 duas
807 2342 917 2424 hastas¹
943 2341 1071 2413 sinistra,
1104 2342 1195 2401 facem
1220 2343 1318 2400 dextra
1339 2344 1485 2406 tenentem
1508 2342 1556 2400 vel

377 2431 443 2490 aliis
475 2429 509 2489 de
542 2431 637 2489 causis
660 2431 775 2490 Eridem
807 2448 870 2490 esse
903 2431 1034 2490 coniecit.
1089 2431 1166 2506 Ergo
1198 2431 1348 2506 aptissime
1371 2430 1437 2490 Eris
1461 2432 1555 2490 facem

378 2520 509 2594 quatiens
532 2519 684 2579 mediisin
708 2519 799 2595 copiis
822 2537 940 2580 versans
963 2520 1075 2596 ingenti
1098 2521 1220 2580 elamore
1244 2521 1281 2580 ad
1307 2520 1447 2596 proelium
1479 2520 1555 2580 iuci-

378 2611 440 2668 tare
466 2608 645 2668 describitur.
1185 2615 1188 2622 '
1434 2681 1437 2687 .

465 2699 500 2757 In
524 2698 649 2758 eiusdem
671 2697 738 2757 libri
761 2716 788 2758 v.
806 2701 845 2760 73
870 2699 904 2757 de
927 2699 1012 2758 Eride
1035 2698 1205 2759 exercitibus
1229 2698 1409 2774 aggressuris
1433 2698 1554 2758 dicitur:

795 2847 900 2929 ἔχαιρε
923 2847 1116 2918 πολύπονος
1139 2847 1325 2929 εἰσορόωσα,

538 2937 587 3018 οἴη
613 2935 673 3018 γάρ
696 2936 737 3017 ῥα
760 2936 849 3000 θεῶν
871 2937 1088 3019 παρετύγχανε
1109 2938 1366 3020 μαρναμένοισιν.

377 3109 422 3150 vv.
448 3094 575 3152 72—77
610 3107 704 3164 serum
736 3091 959 3150 additamentum
991 3109 1054 3152 esse
1076 3091 1242 3151 Lachmann
1250 3085 1276 3173 6)
1310 3091 1427 3166 eiusque
1459 3093 1556 3150 secta-

378 3182 454 3239 tores
477 3196 535 3238 non
559 3179 622 3238 sine
645 3179 730 3239 iustis
753 3181 850 3239 causis
873 3181 1088 3252 contenderunt,
1112 3181 1167 3240 etsi
1190 3199 1234 3240 me
1256 3198 1315 3240 uon
1337 3183 1430 3241 totum
1454 3198 1555 3240 assen-

378 3269 495 3328 tientem
517 3268 632 3328 habent.
670 3269 802 3328 Alicuius
824 3271 961 3329 momenti
984 3271 1065 3342 duco,
1090 3271 1166 3344 quod
1179 3270 1244 3330 Eris
1267 3270 1314 3330 hic
1332 3267 1411 3338 θεός
1426 3272 1555 3342 vocatur,

379 3359 455 3506 ‹frutod
489 3357 558 3438 „city
591 3354 700 3418 θεῶνιι
735 3359 810 3418 inter
840 3361 1005 3434 pugnantes
1036 3362 1175 3431 versatur,
1209 3360 1285 3434 quod
1307 3360 1433 3420 laetatur
1455 3363 1554 3434 strage

393 3465 485 3507 nura.
528 3484 530 3490 ι
581 3471 583 3474 ·

467 3537 503 3596 In
536 3538 616 3596 scuto
640 3537 763 3596 Achillis
786 3533 820 3596 Σ
827 3540 879 3594 535
911 3539 1023 3612 praeter
1045 3539 1164 3597 Martem
1197 3539 1225 3596 et
1247 3537 1402 3598 Minervam
1425 3538 1490 3598 Eris
1521 3537 1555 3596 in
1652 3479 1653 3504 ¹

380 3627 463 3685 caede
487 3627 604 3685 cruenta
626 3643 746 3685 versans
769 3626 837 3686 licta
859 3629 916 3686 est:

448 3776 482 3837 a
506 3774 534 3837 δ’
555 3774 650 3856 Ἔρις,
674 3775 708 3838 ο
733 3775 767 3838 aa
791 3774 958 3852 Κυδοιμὸς
981 3775 1116 3858 ὁμίλεον,
1141 3776 1174 3839 a
1198 3775 1228 3838 ο
1255 3774 1331 3858 asoa
1355 3775 1429 3860 Κήρ
1445 3825 1451 3837 .
1468 3827 1474 3840 .
1492 3747 1508 3838 .’

447 3863 583 3945 ὡμίλεον
608 3864 638 3926 δ’
665 3865 717 3934 ὥς·
733 3887 765 3927 τε
789 3863 867 3938 ζωοὶ
890 3865 999 3946 βροτοὶ
1021 3865 1074 3948 ἠδ’
1100 3866 1265 3948 ἐμάχοντο,
1336 3927 1340 3936 ,

445 3951 579 4036 νεκροὺς
600 3954 628 4015 τ’
655 3953 801 4036 ἀλλήλων
824 3955 917 4034 ἔρυον
940 3955 1212 4038 κατατεθνηῶτας.

471 4108 546 4178 Quid
569 4109 603 4167 de
627 4107 835 4183 exemplaribus
859 4108 933 4167 scuti
956 4107 1138 4168 iudicandum
1162 4109 1210 4181 sit,
1236 4109 1365 4182 quaestio
1389 4110 1434 4168 est
1456 4109 1484 4167 et
1500 4108 1556 4166 tri-

471 4319 480 4349 ¹
511 4318 630 4372 Hentue:
650 4318 750 4386 asscel,
770 4333 795 4385 p.
810 4317 852 4372 86.

471 4389 482 4422 ²
512 4388 711 4444 Fessi-Phanio
730 4388 796 4444 edit.
815 4389 877 4445 adu.

470 4461 492 4564 2>
510 4460 686 4586 ereren·

471 4533 493 4672 ⁶3
512 4618 568 4657 exc.
583 4573 634 4671 IV,
651 4575 752 4670 psll9.
785 4601 930 4672 Stephani:
943 4603 1138 4658 Vaseuremml.
1153 4603 1178 4656 d.
1194 4603 1261 4658 kais.
1277 4601 1399 4673 Eremia,
1419 4620 1445 4659 u.
1458 4603 1518 4658 428.

471 4674 493 4746 θ)
512 4691 537 4743 p.
553 4675 595 4744 37,
616 4674 663 4728 sed
681 4673 763 4728 nimis
781 4691 816 4728 m.
831 4691 856 4742 q.
872 4691 893 4728 s.
912 4675 1011 4743 pressit
1029 4691 1054 4730 v.
1069 4676 1112 4730 45.
