3346 5330
609 523 831 588 -43-

296 708 325 764 6.
359 705 477 764 obsessa
500 705 670 764 draconibus
694 699 781 787 ora‚¹)

297 799 325 854 7.
357 794 508 854 intertorto
531 795 685 854 laceratam
707 797 820 869 pectore
843 789 988 876 vestemffl)

296 886 325 943 8.
360 884 545 958 sanguineam
568 885 689 943 tremula
712 884 860 958 quatiebat
881 878 1044 966 lampadess)
1067 886 1172 945 dextra.

224 973 267 1030 De
290 973 351 1031 face
374 973 443 1032 belli
466 973 652 1032 daemonibus
674 973 784 1032 tributa
808 976 993 1047 suprauerba
1006 975 1069 1036 feci.
1105 975 1202 1034 Habes
1216 975 1306 1050 igitur

136 1061 353 1135 descriptionem
376 1061 517 1121 horridam
541 1080 555 1122 e
579 1062 676 1121 multis
701 1065 847 1136 poetarum
871 1063 1044 1133 fictionibus,
1068 1064 1199 1138 inprimis
1214 1065 1304 1124 furia·

135 1168 197 1208 rum
221 1152 249 1209 et
272 1151 435 1226 Gorgonum
459 1151 648 1225 compilatam.
696 1152 852 1210 Consilium
883 1154 970 1226 patet.
1017 1153 1129 1227 Optime
1157 1153 1231 1212 enim
1253 1154 1306 1212 tali

134 1239 218 1298 initio
242 1241 408 1299 adversatur
430 1241 552 1301 Lucano.

226 1329 390 1389 Valerius
405 1330 551 1390 Flaccus
568 1330 735 1390 Discordiae
749 1330 779 1390 in
793 1347 892 1404 pugna
905 1331 1002 1404 partes
1016 1331 1117 1390 tribuit
1130 1332 1170 1402 ΙΙ,
1181 1334 1242 1402 204,
1257 1331 1307 1390 ubi

134 1420 287 1477 accurrunt
319 1420 355 1476 ad
377 1419 558 1478 Lemniorum
590 1420 703 1478 eaedem
730 1419 822 1479 Pavor
854 1421 883 1478 01
915 1419 1060 1479 eGeticis
1092 1421 1215 1479 stabulis
1238 1421 1306 1480 Dis-

135 1507 232 1566 cordia
254 1508 379 1566 demens.
408 1509 516 1567 sedem
540 1509 622 1568 finxit
643 1509 674 1566 iu
696 1509 802 1568 Geticis
827 1509 959 1568 stabulis.
998 1509 1191 1568 Daemonibus
1216 1510 1306 1570 domi·

135 1595 232 1655 cilium
255 1589 362 1656 certum
385 1598 508 1656 tribuere
530 1589 624 1672 poetis
647 1597 792 1671 proprium
815 1599 868 1668 est,
892 1598 971 1657 velut
988 1597 1106 1657 Ovidius
1129 1599 1232 1658 Famae
1256 1601 1306 1658 do·

133 1703 212 1744 muru
235 1679 314 1762 (met.
330 1686 396 1757 XII,
407 1682 465 1767 39),
489 1687 617 1746 Invidiae
640 1689 706 1745 met.
726 1687 765 1758 ΙΙ,
778 1691 829 1743 760
853 1687 989 1746 describit
1012 1690 1040 1746 et
1062 1687 1185 1759 Famem,
1209 1688 1306 1748 Pallo-

134 1792 204 1846 rem,
228 1776 387 1834 Tremorem
410 1776 440 1834 in
456 1776 573 1850 Scythia
595 1776 783 1850 frigidissima
806 1777 937 1834 hahitare
960 1777 1039 1836 dicit.
1078 1777 1178 1836 Getica
1192 1778 1308 1837 stabula

133 1863 301 1924 Discordiae
323 1865 405 1923 finxit
429 1867 543 1924 secutus
565 1866 691 1924 veterum
715 1865 875 1939 opinionem
891 1867 1012 1924 Martem
1034 1866 1065 1924 in
1079 1867 1202 1926 Thracia
1225 1868 1307 1926 sedes

134 1953 272 2013 obtinere.

224 2043 259 2101 In
281 2043 301 2102 l.
312 2043 363 2114 VI,
374 2045 425 2100 401
451 2062 514 2103 oum
538 2044 635 2104 eodem
658 2044 765 2103 Pavore
796 2043 953 2102 aPallade
986 2044 1134 2103 stimulata
1157 2045 1308 2104 Discordia
1369 2075 1372 2082 v

133 2131 257 2191 falcatos
289 2133 450 2192 Ariasmeni
481 2151 547 2193 axes
579 2134 609 2192 in
642 2133 729 2192 huius
761 2133 854 2207 ipsius
887 2133 1003 2207 agmina
1035 2134 1133 2192 vertit:
1170 2134 1308 2207 „ensibus

134 2221 218 2281 uncis
242 2221 372 2296 implicat
395 2224 423 2280 et
444 2223 571 2297 trepidos
595 2239 693 2281 currus
717 2219 853 2281 lacerat“.

224 2311 441 2380 1n1.V11,461
467 2313 566 2371 Medea
589 2312 688 2372 Iasoni
712 2311 851 2371 cassidem
875 2311 976 2370 donat:

348 2490 432 2548 quam
455 2475 538 2534 modo
562 2473 677 2531 funerea
699 2472 792 2530 te'nnit
815 2473 965 2531 Discordia
987 2473 1099 2545 dextra3

134 2631 183 2690 hic
206 2631 276 2690 mihi
298 2630 395 2700 τόπος
418 2633 507 2692 fuisse
530 2633 641 2691 videtur
662 2613 802 2690 bellicosa
825 2631 1024 2703 instrumenta,
1055 2633 1169 2692 omnino
1193 2650 1238 2692 res
1263 2634 1308 2692 fn·

134 2722 234 2779 nestas
266 2740 284 2780 a
316 2723 451 2782 daemone
484 2723 606 2796 quodam
633 2721 771 2796 originem
795 2721 896 2780 ducere
920 2722 1019 2781 solere
1066 2723 1202 2782 conferas
1224 2723 1308 2782 velim

135 2810 272 2885 Aeschyli
287 2811 411 2886 Choeph.
427 2831 454 2870 v.
471 2815 534 2874 635
559 2812 593 2870 de
608 2811 700 2869 Orest
679 2813 718 2870 trs
742 2828 823 2870 ense:
847 2808 1098 2890 apopdlaeved'
1118 2807 1201 2872 Αἷσα
1225 2832 1307 2891 φασ-

136 2897 323 2978 γανουργός.
369 2902 472 2975 Agam
499 2904 583 2961 1548
616 2897 735 2960 πέπλον
764 2896 1001 2979 Ἀγαμέμνονος
1033 2899 1184 2960 dicitnr‘
1167 2897 1308 2980 υφαντόν
1434 2924 1436 2928 ·

131 2985 575 3067 Ερινύων,001Ηο10011010
600 2989 749 3064 Sophoclis
772 2989 873 3048 Trach.
893 2992 991 3050 1051:
1021 2985 1221 3067 'Epevdmv‘
1205 3010 1307 3069 000ον-

134 3074 460 3158 τὸνάμφίβληστρον.
507 3079 1038 3152 80011110340000001011100
1063 3077 1180 3138 dicitur:

297 3234 349 3318 ἆρ’
376 3237 435 3300 οὐκ
455 3234 577 3320 Ἐρινὺς
599 3237 681 3299 τοῦτ’
708 3197 875 3317 ἐχάλκιενεν
899 3236 989 3317 ξίφος

297 3326 444 3389 κάκεῖνον
468 3323 500 3409 (1.
516 3347 539 3387 e.
556 3322 715 3409 ζωστῆρα)
734 3323 840 3406 Ἅιδης
864 3323 1057 3406 δημιουργὸς
1080 3325 1196 3407 ἄγριος.

144 3543 153 3562 ,
227 3490 262 3547 In
286 3489 368 3547 Silii
392 3489 460 3547 Orci
482 3488 671 3562 descriptione
694 3482 788 3568 (XIII,
799 3482 864 3568 586)
887 3487 917 3545 in
951 3505 1008 3560 qua
1039 3487 1113 3546 nihil
1141 3487 1219 3558 fecit,
1252 3487 1309 3546 nisi

138 3579 214 3652 quod
245 3578 402 3652 Vergilium
434 3578 580 3637 exornavit
612 3580 641 3636 et
671 3577 806 3647 variavit,
844 3576 995 3636 Discordia
1027 3594 1139 3651 quoque
1172 3577 1307 3636 occurrit:

138 3669 266 3743 gaudens
289 3667 456 3741 permiscere
479 3668 582 3726 fretum
605 3667 729 3725 caelo..
734 3665 876 3740 ;Vergilii
890 3666 1035 3740 epitheton
1062 3662 1230 3745 „gaudens“
1257 3683 1308 3725 suc

137 3758 221 3816 modo
246 3757 439 3830 amphfieavit.

227 3847 313 3920 Apud
336 3846 426 3904 Stat'
401 3849 486 3904 trum
510 3846 561 3906 'l'h
577 3846 616 3916 ΙΙ,
628 3847 679 3900 288
707 3845 826 3903 eundem
848 3841 955 3912 τόπον,
989 3845 1023 3903 de
1055 3860 1111 3918 quo
1134 3845 1217 3904 modo
1242 3844 1309 3914 diri,

137 3935 273 4009 legimus:
311 3935 414 3994 monile
451 3935 525 3994 enim
561 3933 735 3993 Harmoniae
771 3933 858 3992 fatale
897 3935 978 4012 ,otta
1013 3933 1121 4007 pressit
1157 3933 1310 3992 Discordia

139 4021 265 4082 dextra.“

228 4113 263 4171 In
287 4115 383 4187 strage
405 4113 559 4172 Lemniaca
581 4113 615 4183 V,
627 4115 661 4168 74
683 4129 742 4171 non
775 4128 860 4185 sopor
892 4110 921 4169 in
955 4111 1085 4186 amplexu
1109 4111 1213 4170 dicitur
1237 4129 1308 4183 esse,

140 4203 189 4261 sed
213 4202 286 4260 Odia
309 4203 337 4260 et
359 4203 457 4273 Furor,
481 4201 571 4260 medio
596 4201 690 4259 antem
713 4201 743 4259 in
766 4201 838 4259 lecto
862 4200 1013 4260 Discordia
1035 4201 1162 4260 recubat.

229 4429 250 4498 ¹)
269 4427 490 4496 Stat.Th.I,1oa
513 4427 547 4482 de
565 4425 725 4494 Tisiphone:
752 4430 860 4480 centnm
884 4425 926 4479 illi
950 4431 1055 4480 stantes
1078 4425 1241 4480 umbrabant
1264 4441 1310 4480 ora

140 4503 268 4554 cerastae.

229 4570 250 4639 ²)
271 4570 305 4624 cf.
320 4571 403 4640 Verg.
418 4570 436 4624 l.
452 4570 469 4623 l.
484 4569 567 4623 scissa
585 4570 666 4637 palla.

229 4642 252 4710 ³)
271 4641 304 4696 cf.
321 4641 369 4696 Ov.
390 4642 423 4696 de
441 4640 545 4709 Tisiph.
565 4640 625 4695 face
644 4644 783 4695 exstructa
801 4645 866 4694 met.
880 4639 928 4709 IV,
938 4655 986 4694 sao.
