3346 5330
821 519 1043 582 -30..

345 701 513 777 gravissime
537 701 689 761 offendent.
725 701 760 758 In
773 699 868 759 verbis
896 698 1015 778 ἄμοτον
1043 701 1182 778 μεμαυῖα
1212 699 1352 758 cernimus
1375 698 1521 768 nimimm,

346 791 395 865 qui
417 807 517 849 versus
540 789 736 863 interpolatori
760 791 827 848 ante
850 789 948 848 oculos
972 788 1115 848 obversati
1138 788 1206 847 sint.

434 879 525 939 Multo
540 878 675 938 acriorem
688 878 769 938 litem
782 878 916 938 excitauit
929 873 962 948 E
973 895 998 936 v.
1013 880 1090 938 740:
1114 877 1242 936 Minoum
1264 876 1393 951 aegidem
1410 876 1521 934 induit:

506 1017 619 1100 δεινήν,
643 1020 682 1099 ἣν
704 1019 776 1099 πέρι
797 1017 857 1100 μὲν
879 1017 979 1100 πάντη
1005 1016 1114 1099 Φόβος
1137 1016 1358 1099 ἐστεφάνωται,

505 1108 538 1170 ἰν
563 1107 592 1170 δ’
612 1106 711 1188 Ἔρις,
734 1107 768 1170 ε’ν
792 1107 818 1169 δ’
843 1106 949 1189 Ἀλκή,
973 1107 1006 1170 ἒν
1030 1105 1064 1168 δὲ
1087 1105 1245 1188 κρυόεσσα
1262 1105 1371 1188 Ἰωκή,

505 1197 539 1259 ἓν
563 1196 598 1259 δέ
619 1219 651 1258 τε
673 1193 807 1278 Γοργείη
832 1195 954 1280 κεφαλή
980 1195 1094 1258 δεινοῖο
1116 1194 1274 1276 πελώρου,

507 1285 591 1367 δεινή
614 1309 647 1348 τε
670 1285 809 1368 σμερδνή
832 1309 873 1358 τε,
897 1284 972 1355 Διὸς
994 1285 1086 1364 τέρας
1109 1283 1270 1366 αἰγιόχοιο.

322 1463 324 1468 ·
435 1432 537 1490 Totam
560 1424 767 1490 enarrationem
789 1449 817 1490 v.
835 1435 852 1490 i
858 1433 1009 1490 11-792
1033 1429 1185 1489 imitatoris
1206 1430 1328 1489 indolem
1344 1429 1455 1504 spirare
1470 1446 1526 1489 suo

346 1522 406 1580 iure
433 1521 640 1580 contendemnt
666 1520 840 1591 Lachmann,
873 1514 1011 1600 Haupt,¹)
1044 1519 1107 1591 alii;
1141 1519 1191 1578 sed
1219 1521 1309 1589 erant,
1343 1519 1392 1592 qui
1421 1536 1526 1578 versus

349 1613 520 1672 739-741
548 1609 625 1668 solos
650 1610 762 1668 exulare
784 1609 925 1668 iuberent:
951 1601 1329 1690 Furtwdngler,²)ltohert²³)
1344 1609 1528 1667 offenderunt

347 1701 377 1758 in
401 1699 612 1759 enumeratione
627 1699 796 1758 daemonum
810 1698 983 1758 accuratiore
1002 1697 1192 1772 descriptione
1204 1697 1290 1771 plane
1305 1697 1424 1771 omissa3
1450 1698 1526 1758 scri-

346 1790 447 1848 bentes
479 1788 569 1862 igitur
599 1805 651 1862 pro
685 1784 770 1867 δεινή
802 1809 834 1847 τε
866 1783 1006 1866 σμερδνή
1042 1783 1168 1866 ηδεινήν
1198 1807 1230 1847 τε
1258 1783 1437 1866 σμερδνήν“
1462 1788 1527 1846 tres

346 1895 445 1938 versus
480 1880 652 1939 739-741
688 1877 808 1948 eiciunt,
841 1877 884 1935 ita
914 1878 947 1934 ut
979 1871 1054 1942 Διὸς
1085 1874 1178 1954 τέρας
1209 1873 1363 1955 αἰγιόχοιο
1394 1893 1453 1936 non
1488 1877 1528 1935 ad

347 1967 490 2042 Gorgonis
514 1967 600 2040 caput
621 1966 773 2040 pertineat,
807 1967 857 2024 sed
889 1967 925 2024 ad
949 1965 1086 2040 aegidem.
1132 1965 1203 2024 Mihi
1227 1965 1339 2039 quidem
1361 1983 1443 2025 nemo
1467 1983 1527 2024 un-

348 2073 433 2131 quam
455 2055 640 2130 persuadebit
662 2057 776 2130 poatam
798 2057 857 2114 tam
879 2055 976 2130 inepte
1000 2056 1084 2128 atque
1107 2053 1235 2128 impolite
1259 2054 1377 2114 dirime:

719 2194 823 2276 βάλετ’
850 2193 974 2275 αἰγίδα
998 2193 1238 2258 θυσσανόεσσαν

508 2284 613 2366 δεινήν
635 2307 667 2346 τε
690 2283 850 2366 σμερδνήν
871 2307 913 2356 τε,
938 2283 1013 2352 Διὸς
1035 2285 1127 2364 τέρας
1149 2283 1337 2365 αἰγιόχοιο

347 2432 367 2490 i.
384 2421 407 2493 ε’.
421 2429 550 2489 Minerva
572 2428 726 2504 aegidem
748 2428 852 2499 induit,
872 2429 987 2504 signnm
1010 2429 1087 2488 lovis
1106 2429 1261 2503 aegidem
1282 2428 1416 2488 tenentis.
1445 2429 1527 2504 Ergo

347 2521 422 2580 hanc
455 2519 647 2578 coniecturam
678 2518 834 2578 mittamus.
892 2518 1028 2588 Quaestio
1062 2521 1156 2577 autem
1189 2518 1312 2577 arentur
1344 2517 1527 2589 difficillima,

348 2610 442 2667 utrum
474 2609 641 2666 daemonm
672 2607 813 2682 imagines
846 2607 876 2666 in
900 2607 999 2682 aegide
1022 2607 1116 2681 pictas
1139 2610 1226 2681 poeta
1248 2607 1304 2668 sibi
1327 2607 1449 2680 finxerit,
1486 2625 1527 2666 an

348 2698 433 2770 vires,
458 2714 531 2772 quae
554 2697 653 2772 aegide
677 2696 885 2768 contineantur,
908 2713 1034 2771 premere
1057 2696 1186 2756 voluerit.

437 2787 501 2846 Hoc
523 2804 612 2845 unum
638 2803 690 2860 pro
723 2787 800 2845 certo
833 2786 974 2845 affirmare
1005 2785 1074 2844 licet
1097 2785 1239 2860 Gorgonis
1263 2781 1382 2866 caput4)
1405 2804 1434 2846 re
1457 2803 1529 2845 vara

349 2893 513 2951 expressum
536 2893 608 2946 esse,
642 2875 676 2934 de
709 2891 764 2948 quo
792 2876 868 2933 infra
890 2876 1005 2934 uberius
1028 2875 1178 2933 dicendum
1201 2875 1263 2946 erit,
1297 2877 1348 2934 sed
1371 2876 1404 2935 de
1427 2875 1528 2947 Eride,

345 2963 451 3045 Ἂλκή,
480 2960 575 3044 Ἰωκή
609 2964 683 3022 idem
716 2964 898 3028 statuendum
930 2982 993 3024 essa
1024 2965 1194 3038 persuadere
1216 2965 1287 3022 mihi
1309 2982 1366 3024 non
1390 2982 1528 3039 possum;

351 3055 435 3113 immo
460 3055 496 3112 ad
519 3054 729 3128 explanandum
751 3054 827 3112 huno
849 3053 942 3112 locum
966 3070 999 3112 ac
1022 3053 1094 3112 hene
1124 3053 1345 3128 intelligendum·
1368 3054 1530 3128 exemplum

351 3143 508 3218 petendum
530 3161 593 3202 esse
616 3145 686 3217 puto
711 3160 725 3202 e
748 3142 768 3201 l.
785 3137 815 3202 Ξ
824 3161 850 3201 v.
868 3147 942 3214 215,
965 3142 1015 3201 ubi
1037 3143 1155 3202 Veneris
1179 3145 1273 3202 cestus
1297 3144 1477 3202 describitur:

723 3282 803 3346 ἔνθα
825 3283 858 3346 τέ
880 3283 911 3345 οἱ
932 3282 1102 3366 δελκτήρισ
1126 3283 1227 3346 πάντα
1250 3284 1389 3346 τέτυκτο·

512 3371 578 3434 ἐνθ’
608 3372 652 3435 ἔνι
674 3371 733 3454 μὲν
755 3371 894 3454 φιλότης,
918 3372 952 3435 ἐν
975 3371 1001 3434 δ’
1032 3373 1148 3454 ἵμερος,
1172 3373 1206 3434 ἓν
1229 3372 1256 3435 δ’
1285 3372 1439 3454 ὀαριστύς,

510 3461 680 3542 πάρφασις,
703 3462 725 3543 ή
746 3461 773 3522 τ’
799 3461 913 3542 ἔκλεψε
935 3461 1012 3524 νόον
1034 3461 1122 3524 πύκα
1144 3484 1204 3543 περ
1228 3462 1439 3544 φρονεόντων.

406 3601 408 3606 ’
442 3606 520 3676 Quae
543 3603 713 3685 θελκτήρια
736 3622 794 3665 non
818 3605 912 3681 effigie
935 3623 1068 3680 expressa
1091 3623 1163 3678 esse,
1193 3607 1243 3667 sed
1265 3607 1339 3666 nihil
1362 3607 1529 3682 significare

351 3696 418 3768 nisi,
443 3696 518 3770 quod
542 3697 637 3754 cestus
661 3694 776 3766 efficiat,
800 3695 863 3754 luce
887 3693 992 3754 clarius
1016 3697 1068 3754 est.
1122 3711 1126 3718 ’

441 3785 518 3859 Ergo
542 3784 728 3843 siccativis
752 3786 781 3843 et
803 3785 920 3844 effectus
943 3801 975 3844 eo
999 3785 1147 3860 aptissime
1169 3785 1359 3860 premebatur,
1387 3786 1420 3843 ut
1441 3785 1531 3859 poeta

353 3887 485 3945 amorem,
510 3871 687 3944 desiderium,
712 3873 771 3932 alia
793 3890 825 3932 eo
851 3873 992 3933 contineri
1015 3874 1129 3945 haeret,
1163 3874 1231 3947 quid
1254 3875 1360 3946 obstat,
1393 3892 1429 3934 ne
1451 3874 1529 3933 idam

353 3964 387 4022 de
409 3957 518 4022 viribus
541 3963 572 4021 in
595 3963 694 4037 aegide
717 3962 837 4021 inclusis
861 3981 1034 4035 censeamus,
1057 3964 1225 4036 praesertim
1239 3961 1435 4044 σιτταἈλκήν,
1455 3958 1528 4022 Ἰω-

353 4051 414 4132 κήν
445 4067 570 4126 unquam
601 4053 716 4111 deorum
748 4052 842 4126 specie
871 4052 987 4111 indutas
1011 4070 1074 4111 osse
1096 4052 1267 4112 nesciamus.
1313 4045 1438 4131 Bader⁶)
1463 4070 1529 4112 curn

353 4143 407 4201 hac
440 4141 582 4201 sententia
613 4159 772 4216 repugnare
804 4143 910 4216 putans
934 4143 1143 4216 epanaphoram
1166 4139 1200 4202 ἐν
1224 4139 1259 4203 δέ
1281 4175 1325 4186 -
1348 4141 1382 4203 ἰν
1405 4139 1440 4202 δέ
1461 4142 1530 4217 ipsa

443 4351 453 4382 1

443 4351 465 4489 δή
482 4349 677 4489 δόίόλιῆἳόὲίεε
695 4437 715 4474 s.
731 4437 755 4476 v.
776 4420 948 4490 Gorgoneion
968 4420 997 4476 iu
1016 4421 1146 4476 Roschcri
1165 4421 1260 4476 lexico.
1375 4484 1378 4488 ,

443 4491 465 4596 ἰ)
484 4492 633 4618 ΡτρΙΙΐεΓῑΒ.
653 4493 718 4616 ήὸρ.
736 4493 794 4546 120.
1173 4555 1176 4559 .

444 4565 466 4705 ή
484 4579 578 4689 iii'h.
593 4580 735 4703 cpiam,
756 4621 833 4704 rere,
852 4652 877 4703 p.
893 4634 1001 4701 areu„
1115 4697 1117 4702 ,
1228 4675 1231 4704 2
